1754 2964
231 178 318 220 3⁰6
599 173 647 215 G.
684 173 1030 216 SALLUSTI
1073 173 1299 253 cRISPJ

234 306 349 337 unus
384 291 443 335 ab
479 290 607 350 urbe,
643 291 759 336 alter
794 307 822 336 a
858 290 1014 336 Gallia
1049 292 1250 346 obstant3
1285 293 1452 338 diutius
1483 294 1531 338 in
1565 294 1635 338 his
1710 310 1714 314 ’

235 383 351 429 locis
397 398 515 439 esse,
561 382 599 427 si
645 398 856 429 maxume
897 383 1069 429 animus
1114 384 1256 441 ferat,
1307 385 1522 430 frumenti
1565 393 1636 431 at-

195 488 327 536 7que
381 475 572 520 aliarum
629 491 781 520 rerum
841 481 1017 537 egestas
1067 476 1311 536 prohibet,
1364 493 1637 537 quocunque

197 571 302 618 8ire
335 546 516 630 plaeet,
564 567 690 612 ferro
734 568 818 613 iter
853 568 1155 628 aperiundum
1190 575 1269 614 est.
1341 569 1638 632 Quapropter

239 677 318 707 vos
354 675 547 717 moneo,
586 660 653 705 uti
697 660 804 706 forti
847 667 986 719 atque
1016 667 1192 720 ,parato
1237 661 1388 712 animo
1431 662 1548 720 sitis,
1593 668 1639 707 et

239 798 299 831 sed
323 807 434 841 quum
459 795 619 840 plerique
643 795 746 831 codd.
772 794 975 838 Gerlachii,
1013 807 1202 847 omnesque
1223 796 1344 832 Leidd.
1368 799 1505 840 tenent,
1527 807 1638 842 oppo-

236 855 388 899 sitioque
420 854 457 888 in
480 853 546 888 tali
575 854 727 889 transitu
754 853 940 897 aptissima
962 853 1028 898 sit,
1064 854 1274 898 particulam
1305 865 1377 891 non
1408 855 1638 891 omittendam

237 913 413 947 duximus.
442 930 488 937 —
529 911 605 955 Quo
640 912 678 947 in
708 913 809 952 loco;
836 910 1005 956 permulti
1037 911 1143 954 libri,
1188 904 1304 958 neque
1334 917 1455 949 tamen
1482 913 1638 958 optimae

237 975 363 1013 notae,
400 971 439 1004 in
471 980 635 1015 praepos.
666 970 855 1016 ignorant,
895 979 1003 1013 quam
1043 971 1212 1014 pedestria
1245 971 1416 1007 orationis
1447 971 1638 1015 scriptores

238 1030 335 1064 haud
357 1040 442 1063 raro
465 1028 596 1064 addere
627 1029 759 1070 solent,
789 1027 851 1062 ubi
884 1028 978 1061 locus
1010 1027 1253 1063 condicionem
1281 1031 1318 1063 et
1347 1031 1481 1064 statum
1501 1027 1638 1074 signifi-

237 1094 316 1130 cat,
350 1086 444 1132 quod
468 1086 564 1121 idem
586 1086 625 1121 in
647 1086 797 1120 vocibus
821 1090 976 1129 tempus,
1010 1091 1133 1128 aetas,
1165 1086 1246 1121 aliis
1267 1085 1347 1120 fieri
1370 1085 1639 1121 observavimus

237 1145 337 1180 ad·e.
358 1144 513 1186 XLVIII,
532 1143 566 1179 5.
610 1145 659 1178 cf.
684 1145 784 1179 Caes.
809 1144 851 1178 Β.
878 1144 922 1178 G.
955 1143 998 1185 II,
1022 1143 1083 1186 26,
1109 1144 1144 1179 5.
1179 1155 1284 1189 quum
1318 1155 1387 1189 quo
1415 1143 1453 1177 in
1486 1142 1558 1177 loco
1581 1153 1638 1176 reo

239 1208 329 1238 esset
351 1203 604 1248 cognovissent.
660 1202 925 1236 Drakenborch.
957 1201 1004 1236 ad
1036 1202 1111 1236 Liv.
1142 1203 1321 1244 XXXVII,
1349 1200 1409 1243 14,
1442 1200 1476 1238 5.
1517 1200 1576 1245 qui
1599 1199 1637 1233 id

239 1262 346 1296 alteri
367 1261 557 1303 suaderet,
589 1261 680 1305 quod
703 1262 798 1306 ipse,
832 1259 864 1294 si
886 1261 924 1294 in
949 1260 1068 1294 eodem
1093 1260 1164 1293 loco
1190 1263 1299 1300 esset,
1325 1260 1494 1303 facturus
1508 1256 1635 1301 fuerit.

238 1319 354 1354 Eund.
379 1318 426 1352 ad
447 1318 524 1360 vn,
539 1318 598 1362 35,
617 1319 650 1353 7.
685 1319 724 1353 in
755 1330 795 1353 eo
830 1318 922 1352 enim
954 1319 1027 1352 loeo
1058 1329 1115 1352 res
1144 1322 1226 1351 sunt
1247 1320 1409 1358 nostrae,
1432 1315 1495 1350 ubi
1517 1315 1639 1349 laudat

237 1379 322 1413 Ter.
356 1377 505 1411 Phorm.
534 1377 580 1418 II,
608 1375 643 1419 4,
667 1377 703 1411 6.
737 1379 773 1411 et
794 1376 862 1420 111,
898 1377 940 1420 1,
966 1375 1002 1411 9.
1031 1395 1078 1401 -
1126 1375 1231 1409 quta
1265 1385 1343 1408 cum
1377 1371 1639 1418 praepositione

238 1435 465 1471 coniunctum
510 1434 652 1469 eodem»
675 1435 781 1469 modo
820 1434 931 1469 habes
970 1435 1066 1479 apud
1104 1433 1221 1468 Plaut.
1263 1431 1384 1468 Aulul.
1421 1422 1494 1473 I'v,
1522 1430 1568 1472 ⁸1,
1600 1429 1634 1463 1.

238 1494 363 1529 Pseud.
387 1492 447 1535 IV,
479 1491 518 1534 7,
545 1492 604 1527 67.
649 1492 752 1527 Trin.
777 1493 806 1535 Ι,
831 1491 867 1533 2,
896 1490 977 1526 loo.
1016 1490 1165 1526 Poenul.
1198 1490 1296 1525 Ptol.
1320 1484 1385 1524 '41
1421 1499 1508 1533 quos
1541 1487 1639 1522 locos

237 1551 379 1586 eortius
403 1549 548 1592 attulit3
580 1551 627 1584 cf.
653 1551 775 1592 ad-II,
803 1550 839 1585 8.
865 1569 913 1576 —
954 1549 1086 1585 Vestris
1116 1547 1153 1582 in
1184 1545 1387 1589 Guelfulz.
1420 1549 1461 1581 et
1483 1544 1577 1579 Ven.
1599 1544 1636 1579 1.

239 1611 352 1650 abest,
376 1607 415 1641 in
441 1607 561 1642 Guelf.
586 1609 619 1642 1.
646 1613 765 1642 autem
788 1611 823 1643 et
846 1608 942 1644 Med.
958 1607 994 1643 6.
1022 1611 1107 1642 ante
1129 1605 1259 1640 dextris
1281 1602 1437 1651 legitur,
1459 1612 1568 1648 quam
1590 1601 1638 1637 ob

237 1677 402 1702 caussam
425 1664 567 1699 Cottius
591 1666 732 1700 delevit.
781 1664 851 1699 Sed
874 1669 970 1699 recte
993 1663 1083 1698 vidit
1107 1662 1321 1698 Gerlachius
1342 1662 1419 1696 vim
1442 1659 1637 1697 sententiae

236 1725 334 1760 haud
357 1723 478 1768 paullo
503 1723 710 1766 pronomine
731 1722 878 1768 angeri,
911 1733 1021 1766 quum
1045 1721 1198 1756 Catilina
1219 1721 1289 1754 hoc
1311 1724 1420 1765 agat,
1449 1721 1491 1753 ut
1511 1716 1637 1752 militi-

236 1784 303 1818 bus
326 1778 551 1826 persuadeat,
576 1781 614 1814 in
637 1780 721 1824 ipsis
743 1782 894 1815 salutem
917 1791 1014 1821 esse,
1035 1791 1107 1813 non
1131 1779 1276 1814 aliunde
1297 1776 1520 1823 sperandam.

332 1842 366 1883 §-
398 1839 435 1874 9.
493 1837 613 1870 omnia
644 1838 742 1870 nobis
773 1843 853 1872 tuta
887 1840 1015 1879 crant]
1061 1837 1169 1871 Nobis
1202 1836 1332 1881 nipp„
1367 1838 1469 1872 erunt
1495 1831 1636 1868 con-tius

237 1898 436 1938 eiecerunt,
459 1894 601 1939 utrique
622 1893 811 1929 levissimis
845 1894 979 1930 caussis
1001 1894 1174 1938 permoti,
1206 1893 1385 1942 codicibus
1414 1902 1485 1926 non
1505 1890 1637 1925 suffra-

237 1956 427 2003 gantibus3
451 1964 535 1988 nam
558 1951 652 1996 quod
675 1962 869 1995 pronomen
892 1952 930 1987 in
953 1952 1036 1987 Seu.
1055 1953 1088 1986 1.
1113 1953 1221 1993 deest,
1245 1952 1282 1985 in
1306 1949 1426 1989 Guelf.
1446 1947 1482 1983 6.
1512 1950 1636 1981 autem

238 2018 321 2050 ante
343 2013 479 2055 omnia,
513 2014 549 2046 et
571 2010 609 2045 in
631 2009 690 2045 12.
721 2014 804 2054 post
826 2014 930 2045 erunt
953 2009 1104 2054 legitur,
1138 2007 1380 2054 negligentiae
1399 2005 1526 2051 potius
1549 2003 1638 2039 seri-

238 2074 388 2115 barum,
419 2080 528 2115 quam
551 2067 831 2111 interpolationis
853 2067 1022 2102 indicium
1047 2069 1109 2102 est.
1155 2066 1321 2110 Accedit,
1355 2063 1450 2109 quod
1476 2062 1523 2097 ad
1544 2061 1638 2096 fidu-

239 2131 333 2166 ciam
374 2130 548 2164 militibus
594 2127 799 2163 faciendam
843 2126 948 2160 valde
988 2128 1112 2170 aptum
1162 2128 1215 2159 est
1256 2124 1451 2169 pronomen
1488 2116 1637 2154 orationi

238 2187 409 2224 additum.
428 2207 476 2214 -—-
510 2189 735 2222 Commeatus
765 2182 902 2218 abunde
934 2193 958 2217 a
982 2183 1091 2217 verbo
1126 2188 1227 2218 erunt
1250 2182 1397 2227 pendot3
1430 2177 1529 2213 hand
1551 2185 1636 2210 raro

237 2246 335 2282 enim
365 2251 578 2281 commeatus
610 2242 741 2288 plurali
779 2250 925 2275 numero
965 2239 1128 2285 ponitur,
1169 2242 1266 2275 velut
1294 2240 1373 2286 lug.
1398 2235 1573 2276 JXXVIII,
1601 2233 1637 2268 ⁷.

235 2305 377 2351 parutis
400 2302 668 2341 commeatibus„
704 2299 825 2334 lustin.
847 2299 975 2343 XVIII,
995 2298 1031 2340 ¹1,
1048 2298 1083 2333 6.
1115 2299 1306 2333 Praeterea
1327 2294 1540 2350 notandum,
1566 2295 1639 2327 css'e

238 2363 339 2398 verbi
381 2362 626 2408 praedicatum
666 2369 735 2393 non
783 2356 997 2392 adiectivum
1014 2375 1025 2382 ’
1039 2356 1099 2391 sed
1145 2355 1354 2390 adverbium
1396 2350 1546 2391 haheri3
1589 2349 1635 2383 cf.

238 2432 270 2457 e.
291 2421 388 2462 XXI,
408 2420 441 2456 l.
470 2419 595 2465 quibas
617 2418 716 2452 mala
738 2416 918 2450 abunde
949 2415 1068 2448 omnia
1092 2419 1205 2448 erant.
1254 2414 1333 2458 Ing.
1359 2408 1571 2451 LXXXVII,
1599 2405 1633 2440 4.

241 2477 419 2512 Romanos
457 2481 589 2511 remoto
634 2479 731 2510 metu
771 2474 940 2508 laxius
982 2472 1306 2516 licentiusque
1340 2471 1543 2513 futuros.
1583 2461 1632 2496 ib.

239 2535 362 2580 XCIV,
379 2535 414 2570 1.
438 2536 494 2571 uti
512 2538 717 2580 prospectus
738 2533 901 2576 uimque
921 2541 986 2575 per
1008 2541 1098 2574 saxu
1114 2528 1318 2573 facilius
1332 2527 1474 2570 soret.
1520 2520 1632 2555 Hein-

239 2594 330 2628 dorf.
362 2593 410 2628 ad
439 2594 530 2628 Hor.
565 2590 642 2628 Sat.
673 2590 777 2633 11‚-2‚
808 2589 890 2623 1⁰6.
920 2574 1226 2630 recte‘semper
1257 2586 1390 2618 crunt
1419 2590 1486 2613 res.
1511 2577 1562 2612 id.
1587 2577 1633 2612 ad

237 2650 290 2693 II,
323 2649 366 2692 3,
397 2648 479 2683 162.
523 2654 650 2686 recte
681 2652 747 2683 est
781 2648 893 2693 igilur
925 2645 1093 2690 (aeger)
1127 2638 1344 2687 surgatque?
1386 2636 1505 2671 Tacit.
1542 2635 1630 2669 Ann.

237 2707 300 2749 III,
317 2705 441 2750 28‚in.
464 2708 648 2745 teterrima
674 2716 832 2751 quaeque
862 2704 1047 2748 impune
1072 2703 1220 2746 suere.
1266 2697 1360 2742 Aug.
1383 2692 1558 2730 Matthias
1586 2691 1632 2728 ad
