1754 2964
209 92 295 134 296
573 87 623 131 0.
651 86 996 132 SALLUSTI
1033 87 1277 133 GRISPI

214 204 453 287 pugnandi
497 219 592 252 non
644 205 777 261 dare;
836 206 1066 267 sperabat
1101 204 1376 267 propediem
1425 220 1612 271 magnas

217 298 376 359 copias
408 312 506 346 sese
537 297 825 355 habiturum,
861 298 898 343 si
929 298 1109 344 Rornae
1152 297 1265 346 socii
1305 299 1488 360 incepta
1527 315 1616 362 pa-

180 391 464 447 5travissent.
533 390 710 436 Interea
753 389 930 436 servitia
972 390 1267 452 repudiabat,
1320 393 1447 439 cuius
1489 392 1616 439 initio

209 483 282 529 ad
314 498 434 532 eum,
451 497 649 546 magnae
691 482 855 544 copiae
898 484 1249 544 concurrebant,
1291 484 1459 547 opibus
1505 494 1621 533 con-

1003 610 1029 639 γ’

222 654 248 688 l.
271 654 318 697 l.,
350 664 461 699 quum
493 653 687 690 cavendum
713 664 790 689 esse
811 652 1050 699 praeciperet,
1080 652 1352 703 iudiciollapsus
1373 656 1449 698 est,
1488 653 1621 701 paritor

224 715 330 756 atque
352 712 390 748 in
413 713 514 751 Clav.
540 712 614 748 Cic.
649 713 687 748 h.
709 723 745 747 v.
775 712 838 747 ubi
866 713 1055 757 perperam
1083 712 1159 747 Cic.
1183 712 1282 750 Lael.
1306 724 1338 748 c.
1365 711 1426 757 25,
1454 711 1513 747 96.
1547 713 1620 746 hnc

225 771 345 806 refert.
391 770 514 815 Neque
546 769 763 805 Gerlachius
793 769 1006 813 imitandus,
1037 769 1098 815 qui
1128 781 1193 804 suo
1225 779 1264 805 se
1293 769 1490 816 elegantiae
1519 773 1623 804 sensu

226 827 373 861 ductum
394 827 622 872 participium
645 837 835 873 agnoscere
857 827 931 871 ait;
965 835 1049 864 nam
1080 827 1143 862 ubi
1164 827 1336 862 iudicium
1357 829 1476 863 valere
1505 828 1621 872 debet,

226 884 294 918 iste
316 895 459 927 sensus,
482 885 521 920 in
543 885 624 921 aliis
648 885 759 928 alius,
782 895 909 930 parum
932 887 1045 921 certus
1076 885 1152 920 veri
1173 884 1361 931 indagator
1383 890 1446 922 est.
1499 887 1624 921 Versus

227 941 408 987 participii
439 947 602 978 sexcenta
625 943 788 987 exempla
811 942 905 977 Livii
932 942 1136 988 interpretes
1168 947 1437 991 congesserunt,
1469 946 1558 990 quos
1586 952 1621 979 v.

230 1000 276 1035 ad
300 999 361 1042 IX,
380 999 415 1042 2,
435 1000 493 1036 15.
518 1001 680 1042 XXXVI,
698 999 757 1044 15,
774 1000 811 1036 7.
834 1001 1028 1043 XXXVIII,
1048 999 1107 1044 51,
1124 1001 1159 1037 3.

323 1058 490 1103 sperabat
527 1058 730 1104 propediem
769 1070 922 1104 magmas
965 1060 1084 1105 copias
1127 1070 1202 1095 sese
1243 1057 1469 1104 habiturum]
1507 1057 1627 1093 Verba

231 1126 385 1161 magnas
426 1116 544 1162 copias
585 1113 717 1150 codicis
752 1115 873 1150 Guelf.
902 1117 960 1151 11.
1004 1116 1213 1153 auctoritate
1249 1117 1388 1152 Cortins
1421 1116 1544 1159 eiecit,
1582 1126 1627 1150 ne

231 1173 353 1218 copiae
376 1175 430 1208 ter
459 1174 530 1209 hoc
561 1173 678 1218 capite
699 1172 899 1219 legeretur,
930 1175 1023 1218 quod
1045 1186 1153 1220 quam
1174 1175 1411 1215 inconsultum
1443 1173 1508 1217 sit,
1534 1171 1629 1207 nixi-

233 1241 313 1265 mus
344 1229 391 1265 ad
421 1243 450 1265 c.
478 1232 542 1275 IX,
571 1231 605 1266 4.
651 1231 743 1266 Cum
774 1230 894 1266 Cottio
924 1234 1042 1267 tamen
1074 1232 1162 1267 facit
1183 1232 1434 1277 Kunhardtus,
1463 1230 1630 1275 supplens

234 1280 448 1333 occasionem
467 1288 669 1334 pugnandi,
692 1289 799 1333 plane
821 1291 944 1324 contra
967 1290 1119 1325 auctoris
1141 1293 1306 1333 mentem,
1330 1293 1366 1324 et
1386 1288 1459 1324 loci
1477 1299 1629 1330 nexum3

235 1345 299 1390 qui
323 1345 417 1380 enim
449 1345 629 1392 pugnandi
661 1346 803 1391 copiam
824 1359 893 1381 non
916 1347 1048 1391 dabat,
1078 1347 1237 1383 habebat
1266 1350 1378 1390 certe,
1409 1351 1529 1391 neque
1553 1348 1631 1380 erat

237 1403 330 1447 quod
362 1407 520 1448 speraret
559 1415 634 1440 seso
666 1404 885 1440 habiturum.
938 1404 1133 1450 Reputanti
1168 1408 1288 1440 autem
1328 1404 1501 1440 Catilinae
1528 1415 1630 1449 exer-

238 1461 349 1495 citum
370 1473 482 1506 neque
504 1461 588 1498 satis
619 1473 809 1508 magnum,
843 1474 955 1507 neque
977 1462 1062 1498 satis
1083 1462 1291 1502 instructum
1321 1462 1368 1498 ad
1398 1454 1632 1508 pugnandum

239 1518 368 1562 fuisse,
403 1519 550 1555 dubium
583 1532 658 1555 esse
681 1519 823 1565 nequit,
855 1520 941 1565 quin
972 1520 1037 1556 illa
1066 1521 1177 1555 verba
1199 1519 1239 1555 h.
1262 1520 1290 1558 l.
1313 1520 1510 1556 necessaria
1539 1519 1632 1561 siut;

241 1587 325 1611 nam
357 1588 427 1621 qua
461 1589 500 1613 re
531 1578 650 1624 magis
679 1580 837 1624 speraret
866 1589 1054 1613 numerum
1085 1577 1240 1612 militum
1262 1581 1407 1614 auctum
1428 1577 1496 1624 iri,
1527 1575 1642 1623 quam

241 1634 272 1669 si
303 1635 498 1671 coniuratio
531 1636 672 1671 Romae
701 1635 892 1681 valuisset,
934 1636 1110 1681 ac'plebs
1139 1647 1315 1671 novarum
1354 1647 1475 1671 rerum
1506 1634 1636 1680 cupida

241 1690 362 1737 ipsum
400 1695 520 1728 secuta
563 1694 682 1729 esset?
730 1694 838 1729 Talia
878 1705 961 1729 eum
998 1692 1071 1729 iam
1111 1693 1208 1738 prius
1247 1694 1424 1740 cogitasse
1458 1696 1556 1738 patet
1591 1703 1635 1727 ex

244 1761 274 1785 c.
309 1751 432 1794 XLIII,
455 1751 491 1786 2.
536 1751 650 1787 Cottii
681 1751 892 1797 scripturam
931 1750 1089 1797 peiorem
1128 1751 1236 1786 etiam
1276 1753 1434 1787 fecerunt
1467 1751 1637 1796 Bipontt„

245 1819 310 1853 pro
331 1810 497 1853 sperabat
519 1809 722 1844 invehentes
745 1820 911 1854 sperans,
940 1810 1034 1853 quod
1057 1820 1271 1853 quamquam
1293 1809 1331 1843 in
1352 1809 1515 1844 undecim
1536 1808 1636 1844 codd.

245 1876 302 1911 ap.
328 1867 443 1902 'GerL
485 1870 618 1912 exstat,
660 1870 779 1903 tamen
817 1867 1109 1912 interpolatorum
1153 1868 1225 1908 est,
1265 1866 1404 1911 ellipsin
1441 1865 1638 1912 particulae

247 1924 418 1961 caussalis
431 1950 443 1970 ‚
475 1929 511 1960 et
540 1925 647 1961 simul
676 1925 922 1970 imperfectum
952 1924 1128 1959 infinitivo
1161 1923 1386 1959 subiunctum
1427 1934 1535 1969 aegre
1580 1924 1637 1958 fe-

249 1982 414 2017 rentium.
480 1985 674 2029 Utramque
721 1995 799 2019 rem
843 1981 1035 2033 aliquoties
1077 1980 1151 2016 iam
1196 1981 1398 2028 tetigimus,
1443 1980 1546 2018 illum
1593 1981 1640 2017 ad

251 2041 414 2084 XXXIX,
431 2042 465 2077 4.
489 2045 534 2077 et
546 2043 605 2085 LI,
623 2043 672 2086 2.,
695 2042 789 2077 hanc
812 2041 859 2076 atl
881 2051 912 2075 c.
930 2039 1060 2082 xxm?-
1063 2039 1158 2074 .uhi
1180 2050 1216 2076 v.

344 2102 379 2142 ς.
402 2098 438 2134 5.
495 2101 641 2136 servitia
674 2100 901 2146 repudiabat,
942 2097 1064 2143 cuius]
1110 2097 1215 2132 Cuius
1244 2107 1314 2133 non
1345 2076 1450 2132 morlo
1480 2095 1622 2143 plurimi
1623 2109 1642 2133 s

253 2157 366 2200 codol,
389 2158 450 2192 sed
472 2158 579 2193 etiam
602 2154 776 2193 Prisciani
798 2156 1008 2192 auctoritate
1031 2155 1141 2199 XVII,
1167 2154 1323 2198 20,156.
1346 2167 1383 2200 p.
1400 2155 1458 2191 81.
1490 2156 1555 2193 Ed.
1577 2156 1641 2190 Kr.

253 2215 396 2258 nititur-3
423 2227 534 2260 prope
566 2216 736 2250 accedunt
757 2215 856 2252 Leid.
873 2216 919 2251 D.
951 2215 1033 2250 Bas.
1054 2214 1088 2249 3.
1106 2213 1140 2248 4.
1173 2213 1293 2249 Guelf.
1313 2212 1348 2248 9.
1366 2212 1423 2246 1⁰.
1457 2212 1493 2247 in
1515 2212 1642 2258 quibus

256 2275 308 2306 est
339 2274 435 2308 cuius
459 2274 532 2314 rei,
574 2273 635 2307 scd
665 2272 810 2318 gravius
841 2271 1042 2316 interpolati
1076 2275 1156 2320 sunt
1190 2283 1334 2316 quorum
1365 2273 1518 2305 tenentes
1533 2294 1544 2312 ‚
1579 2268 1640 2313 qui

256 2331 364 2374 pauci
395 2335 484 2367 sunt.
541 2330 688 2365 Numeri
718 2333 836 2365 autem
867 2329 995 2365 mutati
1032 2328 1208 2364 excusatio
1239 2328 1319 2363 inde
1349 2328 1518 2373 petenda,
1549 2325 1641 2370 quod

259 2399 315 2421 res
349 2388 469 2432 aliqua
501 2388 680 2423 indefinite
717 2384 872 2433 cogitata
902 2388 1000 2422 nullo
1033 2388 1109 2421 fere
1143 2386 1333 2431 sententiae
1376 2384 1572 2421 discrimine
1603 2384 1638 2415 et

261 2445 391 2489 plurali
424 2449 458 2481 et
496 2446 669 2492 singulari
711 2445 891 2480 enunciari
930 2447 1062 2489 potest3
1105 2444 1197 2488 quod
1235 2443 1348 2489 igitur
1389 2443 1427 2479 in
1464 2439 1640 2476 disiunctis

261 2502 561 2539 enunciationibus
582 2504 690 2550 licet,
718 2504 756 2539 id
777 2503 898 2548 paullo
933 2501 1079 2536 liberius
1109 2501 1147 2555 iu
1176 2502 1300 2536 cadem
1329 2502 1514 2536 verborum
1543 2509 1640 2532 com-

263 2559 425 2604 plexione
447 2562 637 2596 admissum
661 2563 732 2604 est,
764 2561 867 2596 cuius
889 2562 1109 2602 structurae,
1146 2559 1206 2594 ubi
1229 2570 1252 2594 a
1274 2557 1404 2605 plurali
1423 2566 1570 2606 numero
1593 2556 1638 2590 ad

263 2616 478 2663 singularem
513 2618 677 2658 transitus
708 2619 835 2663 flebat,
865 2629 971 2663 snpra
1001 2617 1135 2663 aliquot
1168 2617 1326 2661 exempla
1352 2614 1399 2651 ud
1429 2625 1460 2650 c.
1491 2613 1586 2658 XIX,
1606 2613 1642 2648 1.
