1754 2964
211 149 269 191 ze
558 146 604 188 c.
634 124 1244 191 sALLtis‘riomsm

351 262 453 307 Vll.
523 263 618 309 Sed
666 278 721 308 ea
765 268 1029 324 tempestate
1073 268 1270 324 coe‘pere
1307 278 1370 309 yse·
1403 263 1603 326 quisque

216 354 362 415 magis
419 356 638 401 extollere
656 389 669 413 ,
722 353 960 414 magisque
1012 354 1242 415 ingenium
1293 355 1603 418 impromptu

178 448 207 488 2
223 445 408 490 habere.
475 447 594 492 Nam
626 447 812 507 regibus
857 445 964 490 boni
997 451 1134 506 quain
1166 447 1277 493 mali
1296 447 1603 518 *suspectiores

215 543 339 596 sunt,
387 544 656 599 semperque
703 536 776 582 his
822 537 968 583 aliena
1015 539 1150 584 virtus
1194 539 1491 586 formidolosa
1524 546 1602 586 est.

308 706 381 741 vn.
428 707 462 748 5.
485 704 519 740 1.
556 715 697 750 coepere
728 716 766 740 se
797 704 938 751 quisque
961 706 1090 751 magis
1101 707 1284 753 extollere]
1319 706 1451 742 Vocem
1471 707 1609 756 magis,-

216 775 324 809 quam
349 764 488 799 Gor-tius
514 763 635 798 invitis
659 763 734 798 fere
757 763 919 798 omnibus
941 763 1041 798 codd.
1071 763 1272 807 expulerat,
1304 774 1386 800 cum
1409 765 1603 801 Gerlachio

216 822 444 858 restituimus.
490 821 583 857 Nam
605 832 643 856 se
665 822 784 867 magis
807 822 967 856 extollere
998 832 1067 855 non
1090 825 1143 856 est
1169 822 1396 865 potentiorem
1410 824 1497 868 fleri
1507 849 1520 866 ,
1539 824 1605 859 sed

217 892 255 916 sc
288 881 426 927 erigere
459 883 495 915 et·
526 879 673 913 liberius
711 879 897 924 respirare.
953 879 1063 913 Haud
1095 880 1190 914 male
1211 880 1369 926 Longius
1401 881 1605 926 gor-nanim

215 938 347 973 reddit:
384 938 436 974 sie
466 938 585 982 fingen
618 947 663 971 an
707 936 784 971 sich
813 938 917 971 mehr
946 948 992 971 zu
1024 938 1156 971 ffihlen.
1223 938 1370 974 Poterat
1407 938 1502 973 enim
1530 938 1605 974 inm

214 997 280 1030 sub
302 996 446 1042 regibus
475 995 650 1030 libertatis
683 1006 726 1029 ac
748 995 928 1040 dignitatis
960 1005 1046 1030 suae
1074 1006 1194 1030 sensus
1226 995 1413 1039 paullatim
1444 995 1604 1040 excitari,

217 1065 435 1098 quamquam
456 1054 558 1098 regio
581 1051 730 1097 imperio
753 1063 942 1096 repressus.
989 1053 1153 1097 Expulsis
1174 1053 1286 1099 igitur
1306 1052 1465 1099 tyrannis
1486 1054 1606 1099 magis

214 1123 253 1146 sc
275 1112 496 1147 extollebant.
512 1129 559 1136 -
581 1111 636 1145 De
656 1109 787 1154 plurali
809 1120 892 1144 cum
914 1110 1120 1154 pronomine
1141 1112 1284 1157 quisque
1303 1112 1486 1146 coniuncto
1506 1122 1541 1148 v.
1558 1111 1604 1146 ad

216 1169 275 1210 vl,
294 1169 329 1203 2.
387 1168 531 1204 Addidit
553 1167 691 1202 Cortius
715 1178 759 1201 ex
782 1167 884 1201 Livio
907 1168 1014 1202 haec=
1046 1169 1092 1210 11,
1114 1168 1172 1202 19.
1205 1170 1301 1203 missi
1321 1169 1604 1204 honoratissimus

214 1227 357 1271 quisque
391 1238 432 1260 ex
453 1225 624 1271 patribus.
658 1225 732 1266 Vll,
759 1223 816 1258 19.
850 1225 976 1259 delecti
998 1226 1228 1261 nobilissimae
1249 1227 1412 1273 quisque,
1443 1228 1503 1272 qui
1525 1227 1604 1262 Ro-

213 1295 309 1318 mam
333 1285 565 1318 mitterentur.
599 1282 721 1321 XXU,
742 1281 799 1317 51.
828 1284 962 1327 primus
984 1285 1128 1329 quisque
1150 1285 1255 1319 oeulis
1277 1285 1487 1330 auribusque
1510 1284 1604 1319 hau-

213 1341 286 1374 rire
319 1345 458 1376 tantum
488 1340 662 1386 gaudium
702 1340 888 1384 cupientes.
929 1341 1009 1386 lug.
1030 1342 1060 1385 1,
1086 1341 1121 1377 4.
1153 1343 1199 1377 cf.
1228 1342 1415 1379 Ruhnken.
1447 1343 1493 1377 ad
1520 1342 1604 1379 Ter.

213 1398 344 1433 fleant.
377 1399 406 1442 1,
431 1398 465 1440 1,
489 1398 549 1432 71.
590 1397 768 1432 Drakenb.
802 1398 847 1433 ad
877 1398 955 1433 Liv.
987 1399 1047 1442 11,
1075 1399 1135 1442 22,
1161 1400 1197 1435 7.
1235 1399 1472 1435 Ruddima'nn.
1501 1400 1619 1436 lustu*

215 1454 377 1489 Gramm.
402 1455 446 1490 T.
469 1455 516 1491 11.
547 1468 583 1500 p.
601 1455 683 1490 369.
715 1456 852 1493 uertet.
875 1458 920 1492 ad
943 1457 1029 1492 Tac.
1054 1457 1172 1503 Agrio.
1196 1469 1228 1492 c.
1247 1457 1283 1493 3.
1305 1476 1353 1485 —·

306 1516 339 1557 §.
362 1512 396 1547 3.
422 1514 554 1558 adepta
577 1513 760 1558 libertate]
802 1514 947 1549 Passive
969 1514 1293 1560 positum-adeptus
1314 1517 1356 1550 ut
1379 1525 1503 1559 saepe,
1524 1514 1604 1560 lug.

214 1571 272 1613 cl,
291 1570 326 1606 9.
362 1572 445 1605 dum
465 1583 586 1616 prope
600 1573 673 1606 iam
697 1572 865 1616 adeptam
886 1573 1066 1607 victoriam
1088 1574 1239 1608 retinere
1261 1573 1366 1618 cupit.
1399 1572 1488 1607 Tac.
1512 1572 1601 1607 Ann-

215 1629 246 1671 1,
266 1628 299 1663 7.
324 1634 494 1674 tanquam
518 1631 645 1674 adepto
670 1630 881 1674 principatu.
918 1630 990 1664 cio.
1017 1631 1060 1664 de
1082 1630 1221 1666 Senect.
1243 1631 1279 1673 2,
1295 1626 1330 1665 4‘.
1361 1631 1508 1666 eandem
1529 1630 1604 1674 (se-

214 1688 326 1731 nect.)
361 1691 526 1721 accusant
563 1687 738 1730 adeptam.
793 1687 889 1721 Suet.
916 1688 1037 1722 Tiber.
1067 1687 1126 1725 38.
1169 1689 1306 1723 biennio
1332 1689 1496 1723 contium
1523 1691 1604 1733 put

215 1745 382 1790 adeptu-m
407 1745 590 1789 imperium
611 1745 737 1789 pedem
767 1749 873 1789 porta
894 1756 963 1778 ποπ
986 1747 1119 1780 extulit.
1176 1746 1338 1791 Egeruut
1366 1746 1410 1780 de
1430 1746 1502 1779 hoe
1522 1755 1605 1789 pas-

212 1801 290 1838 sivo
314 1801 561 1845 deponentium
584 1813 650 1836 usu
674 1813 716 1836 cx
739 1802 914 1836 veteribus
937 1802 1104 1837 Priscian.
1130 1804 1223 1847 VIII,
1245 1803 1280 1847 4,
1299 1802 1356 1838 15.
1382 1814 1418 1847 p.
1435 1801 1506 1836 367
1527 1812 1602 1846 sqq.

212 1861 278 1896 Ed.
302 1861 424 1894 Krehl.
449 1863 484 1894 et
504 1860 600 1894 Gen.
627 1860 703 1902 XV,
732 1859 810 1902 13.;
843 1865 919 1894 tum
942 1861 1027 1896 Ger.
1051 1861 1079 1895 1.
1103 1861 1203 1895 Voss.
1226 1861 1270 1894 de
1292 1860 1442 1904 Analog.
1466 1858 1528 1901 111,
1555 1857 1604 1899 6„

213 1919 334 1954 Sanct.
359 1918 448 1955 Min.
465 1918 528 1961 111,
548 1917 582 1951 2.
607 1929 642 1962 p.
661 1916 732 1951 391
749 1928 823 1962 sqq.
857 1918 921 1952 Ed.
947 1918 1104 1960 Rauen,
1128 1917 1364 1956 Ruddimanu.
1389 1915 1514 1951 Institt.
1541 1915 1602 1949 Gr.

212 1977 293 2014 vol.
311 1977 338 2011 1.
362 1976 444 2011 Lib·
466 1975 527 2017 111,
546 1974 582 2010 3.
615 1988 649 2020 p.
668 1974 751 2009 288.
785 1976 851 2009 Ed.
877 1975 1004 2010 Stallb.
1019 2000 1031 2018 ,
1062 1976 1232 2010 Vccbner.
1254 1974 1433 2009 Helleuol.
1464 1984 1500 2017 p.
1521 1971 1605 2014 1⁰4,

213 2035 316 2077 116„
340 2034 542 2078 Zumptius*⁹
577 2034 738 2068 Gramm.
761 2033 839 2068 Lat.
861 2035 893 2076 §-
914 2032 974 2075 81,
996 2033 1031 2075 1,
1049 2032 1084 2067 2.
1114 2045 1150 2077 p.
1173 2031 1252 2067 451.
1266 2057 1277 2076 ‚
1313 2031 1371 2066 cui
1393 2034 1512 2066 tumen
1533 2040 1604 2064 nou

213 2092 423 2128 assentimur
445 2091 612 2126 statuenti
621 2102 639 2133 ‚¹
663 2101 732 2125 non
754 2091 858 2134 plane
884 2089 1061 2133 passivam
1083 2101 1158 2135 esse
1188 2090 1312 2125 talium
1336 2088 1604 2134 participiorum

213 2150 310 2193 vim,
344 2161 455 2194 eoque
485 2160 508 2184 a
530 2149 686 2194 probatis
717 2147 942 2192 scriptoribus
972 2151 1185 2182 structuram
1215 2147 1337 2182 ablatt.
1361 2147 1603 2182 absolutorum

214 2207 365 2249 evitari,
399 2217 512 2251 neque
533 2207 714 2241 emendate
746 2217 770 2241 a
791 2205 958 2250 Sallustio
982 2205 1052 2239 dici
1085 2206 1216 2250 adepta
1240 2205 1417 2247 libertate,
1441 2207 1477 2239 et
1498 2214 1521 2238 a
1540 2202 1603 2237 Li·-

215 2265 275 2298 vio
301 2265 442 2307 xxvn,
462 2263 498 2306 8,
517 2264 575 2298 17.
607 2265 716 2298 classe
736 2264 892 2309 partita,
915 2266 950 2297 et
973 2263 1135 2305 XXVIII,
1153 2262 1211 2306 19,
1228 2262 1262 2297 9.
1284 2263 1416 2307 partito
1439 2261 1600 2296 exercitu.

215 2322 322 2356 Cuius
344 2322 396 2356 rei
427 2325 466 2356 ut
489 2333 552 2366 por
574 2333 613 2356 se
634 2322 828 2367 probabilis
851 2331 977 2356 caussa
1009 2332 1080 2356 non
1102 2320 1252 2366 intelligi
1282 2322 1394 2364 potest
1403 2343 1430 2361 ,,
1446 2317 1498 2352 ita
1520 2328 1603 2351 con-

213 2380 365 2414 trarium
389 2380 631 2414 demonstrant
653 2379 679 2413 ii
704 2378 794 2421 loci,
819 2379 945 2423 quibus
968 2378 1066 2413 aliud
1089 2389 1197 2422 quam
1219 2375 1446 2422 praeteritum
1465 2375 1623 2419 tempus
1649 2388 1653 2391 ·

215 2436 368 2482 legitur,
405 2437 503 2472 velut
523 2437 642 2471 Plaut.
668 2436 831 2471 Trinum.
856 2437 901 2479 11,
924 2435 959 2478 2,
987 2436 1044 2471 88.
1076 2447 1144 2469 uon
1167 2439 1288 2469 aetate
1317 2444 1437 2467 verum
1459 2433 1602 2478 iugenio

215 2495 422 2537 adipiscitur
445 2495 629 2539 rapientia.
684 2494 729 2538 Q.
754 2494 841 2528 Fab.
865 2494 962 2529 Max.
987 2493 1082 2538 apud
1104 2492 1212 2526 Prisc.
1236 2491 1326 2532 vul,
1349 2488 1382 2529 4,
1401 2488 1459 2523 16.
1493 2489 1600 2532 (Vett-

214 2551 298 2585 hist.
324 2551 470 2596 Fragm.
497 2552 561 2585 Ed.
585 2547 786 2586 Fr'ntscher.
807 2551 850 2591 11,
871 2549 904 2584 3.
929 2562 966 2595 p.
984 2549 1086 2599 3652.)
1109 2549 1227 2584 amitti
1249 2558 1354 2594 quam
1377 2548 1498 2592 apisci,
1520 2546 1545 2582 i.
1569 2556 1601 2581 ο.

215 2607 382 2653 adipisci,
404 2619 439 2643 v.
463 2608 579 2643 Tacit.
603 2609 692 2644 Ann.
716 2608 780 2656 m,
801 2606 860 2649 27,
883 2618 915 2642 a.
941 2607 1032 2643 med.

308 2666 341 2709 §·
367 2663 401 2699 4.
448 2666 594 2701 simulac
618 2666 699 2702 bella·
718 2666 858 2712 patiens
883 2669 971 2709 erat,
988 2667 1084 2708 eto]
1116 2663 1181 2699 Vix
1203 2663 1277 2700 ullo
1300 2663 1379 2699 loco
1402 2660 1501 2698 codd.
1523 2669 1602 2698 ma·
