1754 2964
234 182 322 228 164
574 178 626 222 0.
663 176 1010 225 SALLUSTI
1048 179 1284 226 GRISPI

235 297 433 342 scribere
487 296 652 342 vellem
666 326 679 353 3
739 298 998 342 nunciatum
1047 303 1115 343 est
1165 297 1256 342 vim
1310 297 1425 344 mihi
1446 302 1633 360 ‘parari

181 390 213 433 6
238 389 371 435 Nunc
415 387 678 434 Orestillam
732 388 1006 433 commendo
1062 395 1258 447 tuaeque
1304 390 1423 436 >fidei
1476 393 1633 446 trad03

236 468 341 525 eam
376 481 434 525 ab
467 480 627 526 iniuria
667 478 914 537 defendas,
960 494 1047 540 per
1079 481 1262 525 liberos
1282 486 1385 527 tuos
1427 489 1627 543 rogatus,

233 551 440 617 Haveto.

374 659 587 707 XXXVI.
670 659 768 706 Sed
811 661 908 721 ipse
961 677 1133 722 paucos
1177 663 1273 709 dies
1327 671 1630 710 commoratus

234 752 362 814 apud
397 750 760 798 C.·F1aminium
794 751 841 796 in
875 767 989 814 agro
1023 756 1249 812 Arretino,
1283 754 1395 800 dum
1429 755 1631 802 vicinita-

233 921 397 963 hudem,
429 924 566 966 quanta
600 930 662 954 vos
696 931 754 955 me
786 920 998 964 honestatis,
1019 933 1119 957 nemo
1143 924 1196 957 est
1218 923 1404 957 assceutm.
1438 920 1527 957 San.
1548 922 1627 971 Ing.

233 979 281 1021 X,
309 978 345 1012 2.
377 989 433 1012 me
463 989 678 1024 regnumque
709 979 828 1024 gloria
863 980 1087 1014 honoravisti.
1116 999 1164 1005 —-
1203 981 1292 1014 Post
1321 980 1514 1014 alienatum
1547 990 1631 1015 cum

235 1035 428 1070 Gerlachio
451 1047 493 1069 ex
516 1035 617 1070 codd.
651 1035 752 1070 Basa.
775 1037 906 1071 Bernn.
930 1037 1051 1071 Leidd.
1078 1039 1118 1071 ‘et
1141 1037 1272 1072 Palm.
1303 1036 1502 1071 addidimus
1531 1048 1629 1079 essu

231 1093 327 1137 quod
349 1092 511 1137 eortius,
534 1103 748 1137 quamquam
771 1094 808 1128 in
829 1094 992 1128 omnibns
1014 1093 1098 1135 θῦε,
1119 1096 1160 1128 ut
1181 1092 1341 1134 videtur,
1362 1093 1507 1136 invenit,
1530 1095 1630 1130 nulla
1649 1123 1652 1126 .

233 1151 279 1185 de
301 1161 426 1185 caussa
457 1151 604 1196 expulit.
622 1169 670 1178 --·
713 1153 915 1187 Alienatum
946 1164 1014 1187 non
1047 1152 1101 1186 ita
1131 1151 1361 1195 capiendum,
1395 1155 1448 1187 ut
1465 1151 1560 1188 Cort.
1592 1157 1628 1187 el:

234 1208 333 1243 Gerl.
359 1209 536 1251 fecerunt,
567 1212 606 1243 ut
637 1210 840 1253 suppleatur
871 1211 916 1243 ab
949 1210 1087 1244 honore.
1151 1209 1300 1243 Rectius
1329 1208 1531 1267 Herzog'ius
1562 1211 1632 1245 ab-

232 1266 347 1301 solute
369 1257 525 1310 positum
549 1271 685 1309 censet,
709 1267 956 1311 interpretatus
984 1266 1180 1312 repulsu-m,
1203 1268 1421 1313 neglectum,
1439 1268 1627 1309 reiectum5

233 1323 392 1356 alienare
412 1323 509 1357 enim
532 1324 576 1358 de
599 1324 723 1367 quovis
744 1326 908 1370 neglectu
931 1328 965 1359 et
988 1328 1189 1368 contemptu
1212 1325 1352 1368 dicitnr,
1376 1336 1412 1359 v,
1434 1325 1626 1360 Ruhnken.

234 1380 282 1415 ad
303 1380 386 1414 Ter.
410 1381 542 1416 Heaut.
574 1382 616 1424 V,
646 1382 682 1425 2,
700 1382 760 1418 26.
789 1401 836 1408 --
887 1384 921 1425 §-
944 1382 978 1416 4.
1022 1381 1090 1416 Pro
1121 1393 1197 1416 meo
1220 1394 1304 1416 casu
1335 1382 1361 1416 i.
1386 1393 1417 1416 e.
1449 1394 1514 1427 pro
1545 1393 1633 1418 mea,

234 1437 439 1471 condicione
461 1450 587 1484 aspera
620 1440 695 1475 sive
727 1439 950 1482 calamitate3
992 1440 1042 1474 cf.
1064 1441 1140 1482 XL,
1167 1440 1201 1474 2.
1237 1441 1354 1474 dolens
1386 1440 1460 1474 eius
1493 1436 1639 1483 casum,

235 1494 300 1530 ubi
332 1495 470 1530 Curtius
507 1497 598 1531 haec
632 1498 774 1533 laudat:
817 1498 898 1541 Ing.
926 1497 1018 1538 xlv,
1045 1497 1102 1531 22.
1137 1496 1341 1531 laetandum
1374 1497 1491 1541 magis
1520 1509 1626 1542 quam

236 1553 422 1587 dolendum
441 1559 526 1598 puto
552 1565 670 1588 casum
702 1560 812 1589 tunm.
860 1555 988 1596 xxm,
1004 1554 1040 1589 2.
1073 1565 1128 1588 eos
1158 1553 1354 1587 miserando
1384 1565 1503 1588 casum
1524 1553 1626 1588 ἐιωπι
1663 1596 1666 1602 ,

234 1613 426 1655 confirmat.
473 1611 550 1646 Liv.
572 1612 737 1653 XXXIX,
757 1613 814 1654 11,
837 1613 873 1647 ⁸1.
906 1613 1030 1646 mulier
1060 1611 1222 1645 miseran·
1252 1620 1372 1644 casum
1402 1611 1627 1646 adolescentis
1662 1603 1664 1605 ¹

234 1669 358 1712 coepit.
407 1669 523 1704 Tacit.
548 1668 637 1703 Ann.
662 1671 690 1711 Ι,
709 1669 768 1704 39.
788 1690 831 1696 —
871 1671 962 1705 Ante
996 1668 1192 1703 commendo
1223 1667 1399 1712 Longius,
1433 1669 1627 1703 Gruterum

234 1730 397 1767 secutus,
420 1726 485 1760 tibi
507 1738 550 1760 ex
580 1727 802 1771 paucissimis
831 1728 931 1762 codd.
966 1726 1106 1767 intuliz3
1136 1725 1197 1759 sed
1226 1727 1422 1760 commendo
1453 1737 1522 1770 qno
1543 1737 1624 1772 per-

233 1782 346 1818 tineat
366 1783 482 1818 verbis
504 1785 726 1827 sequentibus
754 1790 839 1820 tuae
862 1785 956 1827 fidei
991 1784 1075 1818 satis
1105 1783 1240 1821 clarum
1254 1804 1257 1809 s
1272 1782 1332 1824 fit;
1361 1783 1484 1817 eodem
1519 1784 1626 1820 modo

235 1841 366 1875 Caesar
387 1841 430 1876 B.
456 1841 575 1882 C.111,
605 1842 664 1877 57.
702 1854 802 1887 quem
837 1842 881 1875 ab
915 1842 975 1875 illo
1007 1842 1178 1876 traditum
1213 1845 1247 1875 et
1277 1839 1554 1874 commendatum
1585 1841 1627 1876 iu

234 1909 422 1933 suorum
451 1899 722 1932 necessariorum
751 1910 894 1934 numero
926 1899 1055 1933 habere
1087 1899 1301 1934 instituerat.
1331 1916 1377 1922 —
1418 1897 1557 1932 Havete
1585 1897 1625 1932 in

232 1955 397 1991 omnibus
435 1956 540 1991 libris
582 1956 776 2000 aspiratum
821 1957 869 1990 ef.
903 1956 1053 1999 Quintil.
1085 1957 1114 1998 Ι,
1139 1954 1176 1998 6,
1207 1954 1266 1990 21.
1307 1957 1344 1989 et
1374 1953 1478 1989 Oonr.
1508 1954 1622 1999 Leop-

235 2013 450 2050 Schneider.
467 2013 625 2048 Gramm.
651 2013 697 2048 T.
714 2015 743 2048 1.
767 2014 809 2048 P.
827 2014 856 2048 1.
882 2024 917 2057 p.
935 2011 1015 2047 185.
1631 2034 1634 2041 ·

329 2071 481 2106 xxxvl
539 2073 572 2114 §-
606 2070 642 2105 1.
700 2071 796 2116 apud
839 2070 881 2106 C.
919 2069 1151 2115 flaminium]
1203 2069 1294 2106 Edd.
1335 2078 1455 2104 omnes
1492 2069 1630 2106 addunt-

234 2130 456 2172 Flammam,
490 2128 585 2173 quod
605 2127 642 2162 in
664 2139 734 2162 uno
757 2127 844 2163 Νη.
860 2127 1028 2173 -legitur;
1058 2127 1201 2162 relicuis
1223 2126 1386 2162 omnibus
1404 2128 1474 2162 hoc
1495 2139 1626 2163 nomen

236 2189 503 2234 ignorantibus,
547 2185 759 2220 Gerlachius
798 2185 922 2228 eiecit,
963 2186 1058 2230 quod
1100 2187 1235 2220 factum
1275 2185 1380 2221 valde
1419 2187 1620 2229 probamus.

234 2249 291 2282 Ita
315 2247 430 2281 minus
451 2245 559 2280 etiam
580 2243 764 2289 probabile
785 2243 847 2284 fit,
871 2243 968 2277 hune
990 2243 1206 2277 Flaminium
1239 2254 1322 2279 eum
1353 2253 1447 2285 esse,
1478 2243 1521 2276 de
1550 2252 1622 2287 quo

235 2304 359 2338 Cicero
388 2303 601 2338 mentionem
641 2300 753 2347 iniicit
792 2301 882 2345 Epp.
917 2301 961 2334 ad
990 2301 1214 2344 Attic.x1V‚
1241 2301 1296 2335 16.
1312 2304 1369 2339 et
1398 2299 1443 2333 ad
1479 2299 1618 2334 Famm.

235 2364 297 2396 X!
300 2364 327 2407 1,
345 2363 404 2397 ‘A
395 2388 424 2404 .‚
458 2372 564 2405 quem
597 2360 792 2394 multorum
823 2358 1030 2393 sententiam
1063 2363 1103 2392 ut
1132 2358 1224 2392 nihil
1254 2359 1358 2402 plane
1387 2355 1547 2399 adiuvat,
1567 2356 1620 2391 ita

233 2420 390 2455 infirmat
419 2423 616 2463 temporum
648 2416 759 2458 ratio,
799 2416 971 2459 siquidem
1000 2419 1148 2459 utraque
1178 2415 1326 2459 epistola
1355 2419 1433 2459 post
1461 2413 1620 2450 Caesari-

233 2483 384 2513 mortem
408 2477 539 2521 scripta
562 2479 625 2509 es.t
644 2493 692 2499 —
723 2475 908 2515 Arretino,
940 2473 1032 2517 quod
1055 2473 1295 2507 tantummodo
1320 2472 1437 2506 Guelf.
1463 2471 1498 2507 l.
1527 2470 1617 2506 Tur.

235 2536 270 2569 1.
289 2536 324 2569 2.
349 2535 480 2570 ximz.
503 2533 597 2567 Med.
620 2533 654 2566 9.
679 2532 762 2564 Ven.
787 2531 821 2564 4.
846 2535 881 2564 et
903 2531 1062 2564 nonnulli
1085 2531 1241 2573 Popmae
1261 2529 1345 2564 libri
1367 2531 1494 2570 tenent,
1517 2528 1618 2562 unice

187 2624 194 2629 .
233 2602 356 2627 verum
397 2596 470 2633 est3
509 2589 665 2634 plerique
709 2599 828 2622 omnes
861 2580 1300 2634 Reatino‚‘libr.1riorum
1332 2587 1443 2630 lapsu.
1499 2586 1618 2620 Roma

230 2650 327 2684 enim
354 2648 392 2682 in
412 2647 594 2682 Etruriam
623 2646 924 2691 proficiscentibus
946 2645 1092 2679 Reate
1082 2657 1118 2678 ιη
1143 2628 1355 2678 Sabinorum
1386 2649 1482 2677 ten-a
1510 2642 1617 2678 situm

229 2719 254 2744 a
275 2708 397 2742 dextra
419 2706 534 2747 iacet,
555 2715 666 2749 neque
687 2703 871 2748 probabile
894 2707 945 2739 est
969 2702 1158 2738 Catilinam
1181 2702 1357 2740 Faesulas,
1371 2705 1616 2746 properantem
