1754 2964
254 161 313 201 96
600 159 650 203 Ο.
689 160 1033 206 SALLUS'H
1066 164 1298 208 GRISPI

251 274 556 335 nequicquam
598 283 859 337 opportuna
903 293 974 323 res
1016 280 1275 340 cecidisset,
1321 297 1424 344 spes
1465 299 1648 348 magna,

251 365 501 412 dominatio
544 369 591 415 in
637 369 847 414 manibus
889 369 1055 416 frustra
1097 372 1308 429 fuissent,
1361 370 1510 435 neque'
1554 364 1646 439 ego

248 471 335 518 per
367 458 532 519 ignava
567 466 647 507 aut
688 476 806 506 vana
838 462 1021 524 ingenia
1063 463 1235 513 ineerta
1266 480 1355 526 pro
1399 467 1533 514 certis
1565 483 1646 516 ea-

249 602 319 638 mis
350 604 439 639 satis
461 602 579 647 abest;
611 615 742 650 quare,
773 617 884 651 quum
917 607 1007 642 haec
1030 607 1192 644 codicum
1224 608 1458 647 inconstantia
1488 612 1646 649 ostendat

239 672 375 696 rvocem
399 673 422 697 a
443 663 640 708 glossatore
670 664 828 699 additam
860 676 953 704 esse,
984 676 1065 699 cum
1088 666 1208 702 Cottio
1242 671 1277 702 et
1300 668 1490 704 Ger-lachin
1522 671 1644 705 omisi-

248 730 349 763 mus,
373 731 586 765 quamquam
616 722 786 768 languere
809 734 911 766 eam,
942 723 1035 767 quod
1065 724 1266 771 Herzogius
1288 730 1422 768 censet,
1453 738 1524 761 non
1545 727 1643 762 dixe-

247 776 338 819 rim;
361 777 518 823 Langius
539 782 659 814 tamen
681 784 718 814 et
738 780 897 826 Bipontt.
920 785 1142 818 revocarunt,
1185 783 1376 820 Praeterea
1395 785 1643 829 septemdecim

248 836 349 872 codd.
381 836 515 871 habent
541 841 660 882 foret,
691 841 783 884 quod
805 839 890 875 satis
911 839 1082 884 probum,
1105 842 1145 874 ut
1168 834 1380 876 osten'dimus
1401 843 1449 878 ad
1479 854 1509 879 e.
1532 843 1579 886 X,
1602 843 1636 877 2..

247 894 309 929 sed
331 905 402 928 non
423 897 672 930 necessarium.
718 898 820 942 Quae
851 897 1051 942 Herzogius
1081 901 1202 932 autem
1225 899 1270 932 de
1299 899 1488 935 sententiae
1518 900 1642 936 discri-

247 951 344 986 mine
366 952 579 997 disputavit,
602 953 707 988 nimis
731 955 876 990 subtilia
899 955 1072 989 videntur.
1094 973 1141 980 -—
1170 956 1242 991 Pro
1271 958 1448 992 cecidisset
1470 957 1508 992 in
1530 959 1641 992 und«-

246 1009 376 1055 viginti
399 1011 498 1046 codd.
522 1011 654 1056 legitur
675 1012 877 1055 accidisset,
913 1013 1007 1057 quod
1030 1012 1146 1047 minus
1167 1013 1330 1057 probum.
1388 1014 1522 1049 Cadere
1543 1015 1639 1050 enim

247 1065 357 1102 habet
398 1068 576 1102 notionem
614 1074 760 1103 eventus
804 1070 913 1111 certi,
955 1073 994 1105 et
1025 1071 1167 1115 quidem
1198 1070 1236 1104 in
1266 1075 1452 1116 utramque
1490 1078 1638 1116 partem,

246 1123 404 1171 imagine
427 1137 451 1160 a
473 1130 685 1161 tesserarum
716 1128 799 1162 ludo
822 1129 953 1174 petita,
982 1132 1023 1163 ut
1053 1128 1142 1161 bene
1173 1128 1310 1163 monuit
1331 1130 1543 1175 Herzogius.
1577 1131 1634 1165 Cf.

246 1183 331 1218 Ter.
354 1185 504 1228 Adelph.
534 1185 593 1228 1v,
620 1185 655 1220 7.
686 1185 733 1219 21
753 1197 804 1229 sq.
840 1186 938 1221 Caes.
970 1187 1014 1221 B.
1041 1187 1079 1222 G.
1109 1186 1173 1228 111,
1185 1185 1246 1222 73.
1267 1204 1316 1212 —-
1355 1187 1409 1221 De
1441 1194 1635 1233 opportuna

231 1252 309 1287 ,pro
333 1247 522 1286 opportune
547 1254 582 1278 V.
606 1243 651 1277 ad
674 1254 705 1277 c.
729 1243 855 1286 xxm,
873 1241 980 1286 5.„-
1022 1243 1094 1277 Pro
1125 1243 1315 1278 dominatio
1348 1249 1480 1289 septem
1501 1245 1635 1289 Leidd„

229 1301 388 1335 totidem
420 1301 569 1344 Guelff.,
604 1302 690 1337 Bas.
715 1300 750 1335 4.
775 1301 849 1335 Erl.
880 1301 963 1335 Par.
986 1300 1030 1335 B.
1056 1298 1095 1335 C.
1128 1312 1210 1334 cum
1243 1305 1378 1346 septem
1409 1303 1490 1337 aliis
1523 1303 1633 1338 Certi!

241 1360 359 1393 tenent
381 1358 636 1402 dominationis,
662 1359 756 1403 quod
778 1369 993 1403 quamquam
1016 1370 1085 1392 non
1107 1358 1264 1402 ineptum
1289 1362 1362 1401 est,
1398 1363 1518 1395 tamen
1545 1360 1634 1397 scri-

239 1414 370 1451 barum
401 1415 545 1461 ingenio
567 1417 696 1451 debere
718 1417 792 1451 alia
823 1416 925 1450 docet
959 1415 1210 1460 interpolatim·
1241 1415 1371 1462 quippe
1401 1417 1493 1462 quod
1515 1421 1568 1453 est
1595 1418 1632 1452 in

224 1474 361 1509 ›Guelfi
378 1474 413 1509 9.
438 1478 474 1508 et
497 1474 582 1508 Bas.
605 1473 640 1509 2.
669 1474 926 1519 dominatioque
957 1485 1025 1507 uon
1049 1472 1215 1517 potuisset
1237 1473 1385 1520 effingi,
1417 1473 1449 1508 si
1469 1474 1633 1519 primitus

239 1532 416 1578 genitivus
449 1532 620 1566 affuisset.
675 1531 818 1566 Accedit
860 1531 953 1576 quod
986 1531 1157 1567 Catilinae
1186 1531 1328 1576 ingenio
1358 1532 1473 1566 multo
1505 1520 1631 1567 colive·

239 1588 392 1624 nicetius
415 1594 489 1632 est,
522 1589 554 1624 si
584 1590 628 1624 de
660 1589 899 1624 dominatione
932 1593 974 1624 ut
1009 1594 1118 1625 certa.
1141 1589 1319 1633 loquitur,
1348 1600 1565 1634 quamquam
1594 1590 1631 1624 id

238 1647 413 1682 noluerim
444 1659 526 1682 cum
550 1647 670 1682 Cortio
706 1651 741 1682 et
775 1647 914 1693 Langio
938 1648 1179 1683 correctionem
1211 1646 1337 1683 dicere.
1383 1648 1489 1682 Haud
1521 1647 1632 1682 infre-

238 1715 346 1749 quens
368 1708 486 1740 autem
510 1705 680 1741 Sallustio
704 1709 758 1740 est
779 1705 849 1738 duo
871 1704 1045 1739 vocabula
1067 1705 1141 1739 sine
1163 1705 1291 1749 copula
1311 1704 1412 1739 iuxta·
1432 1704 1630 1747 collocare3

238 1763 285 1798 cf,
325 1762 421 1798 infra
453 1765 488 1805 §.
520 1764 556 1798 7.
599 1775 734 1808 semper
772 1763 842 1798 illis
884 1773 1042 1807 reges,
1083 1763 1281 1797 tetrarchae
1319 1762 1514 1808 vectigales
1545 1774 1627 1798 esse.

237 1832 269 1856 c.
286 1822 348 1863 XI,
365 1820 400 1856 5.
423 1822 500 1855 loca
523 1832 739 1864 amoena,
761 1820 1046 1866 voluptaria
1076 1821 1212 1855 animos
1245 1821 1476 1855 molliveraat.
1514 1820 1561 1855 cf.
1584 1821 1630 1856 ad

237 1890 269 1916 ο.
286 1880 411 1922 XLIII,
432 1879 467 1914 2.

215 1960 220 1967 ι
327 1948 391 1982 per
414 1938 550 1983 ignava
572 1935 745 1982 ingenia]
791 1934 922 1970 Omnes
945 1934 1046 1969 codd.
1071 1935 1269 1969 constanter
1290 1935 1407 1968 tenent
1434 1943 1500 1978 per
1521 1932 1628 1978 igna-

214 2028 216 2030 ,
236 1995 357 2036 οἰατης
388 1995 449 2029 sed
472 2006 540 2029 non
563 2005 747 2036 veremur,
784 2004 828 2028 ne
852 1993 1002 2028 audaces
1023 1992 1227 2033 videamur,
1260 1992 1354 2036 quod
1376 1989 1488 2025 Con-tii
1510 1990 1629 2035 conie-

216 2071 218 2074 ν
237 2057 399 2095 cturam,
432 2053 506 2086 huc
527 2063 639 2096 usque
665 2052 883 2096 neglectam,
917 2049 954 2085 iu
978 2053 1112 2084 textum
1144 2048 1362 2094 recepimus,
1386 2059 1496 2093 quum
1515 2047 1628 2082 multo

236 2111 396 2157 graviori
418 2111 462 2145 de
484 2122 608 2145 caussa
629 2110 682 2144 ita
705 2109 903 2144 fecerimus.
955 2108 1020 2142 Ille
1042 2108 1138 2142 enim
1170 2106 1411 2142 tantummodo
1433 2105 1627 2150 oppositio-

235 2170 290 2204 nis
315 2180 441 2204 caussa
462 2169 648 2213 vulgatam
671 2167 804 2202 mutari
826 2166 943 2211 cupit,
967 2167 1058 2200 haec
1080 2169 1270 2199 annotans:
1300 2165 1390 2206 „aut
1405 2163 1539 2206 fallor,
1562 2166 1627 2198 aut

235 2226 424 2262 Sallustius
447 2225 605 2270 scripsit:
640 2236 702 2269 per
725 2225 857 2270 ignava
880 2226 948 2258 aut
963 2233 1058 2257 vana
1079 2221 1246 2267 ingenia3
1277 2221 1330 2256 ita
1351 2224 1390 2256 ut
1412 2221 1549 2266 ignava
1570 2219 1626 2255 iu-

233 2285 339 2330 genia
374 2283 577 2329 opposuerit
610 2282 757 2325 virtuti‚'
787 2286 823 2317 et
855 2293 971 2323 vana,
1002 2280 1085 2315 fidei
1118 2279 1399 2321 coniuratorum,
1431 2279 1475 2312 de
1498 2277 1626 2322 quibus

231 2342 402 2387 principio
437 2340 605 2376 orationis
627 2341 799 2374 dixerat.“
844 2340 914 2374 Sed
938 2339 1004 2373 isto
1025 2338 1141 2383 {modo
1173 2337 1265 2371 nihil
1294 2337 1491 2380 lucramur,
1515 2347 1625 2380 quum

232 2400 339 2435 etiam
367 2412 434 2444 per
455 2400 639 2445 ignaviam
671 2399 715 2431 ad
738 2408 982 2443 praegressum
1007 2406 1133 2430 vocem
1162 2395 1489 2437 virtuspreferatur.
1535 2394 1624 2428 Vul-

230 2461 354 2502 gatam
377 2458 426 2492 ita
449 2457 625 2501 explicant
649 2456 808 2499 interpp„
833 2459 874 2489 ut
896 2454 1013 2488 dicant
1036 2454 1254 2487 abstractum
1275 2462 1340 2496 pro
1362 2454 1523 2485 concreto
1546 2461 1623 2485 esse

230 2515 396 2559 positum,
418 2526 625 2558 sensumque
647 2524 723 2548 esse
743 2524 807 2557 per
830 2513 979 2557 ignauos
998 2512 1162 2545 homines.
1207 2507 1417 2543 Gerlachius
1439 2511 1623 2553 praeterea

230 2583 275 2609 eo
297 2572 533 2606 defensionem
555 2582 682 2616 parare
704 2571 802 2619 γυΙε,
827 2569 919 2613 quod
944 2567 1202 2603 consuetudinis
1223 2564 1386 2600 Sallustii
1409 2565 1474 2607 sit,
1491 2566 1622 2602 oratio-

229 2641 311 2675 nem
333 2630 371 2664 iu
394 2629 563 2674 oppositis
587 2634 622 2664 ct
644 2626 810 2674 epithetis
834 2626 995 2666 variarc;
1028 2625 1088 2658 sed
1111 2636 1202 2669 quae
1225 2625 1331 2660 affert
1353 2624 1534 2669 exempla,
1559 2635 1622 2658 ve-

230 2688 296 2725 luti
315 2688 518 2735 pars-alii,
542 2690 577 2722 et
600 2686 763 2733 1ug.1,1.
788 2695 830 2720 ac
851 2683 1028 2726 Lxffla.
1053 2693 1195 2727 prorsus
1218 2681 1334 2717 aliena
1357 2685 1457 2720 sunt„-
1493 2680 1620 2727 Quivis
