1754 2964
314 0 329 20 Χ

248 151 335 194 158
604 149 653 192 G.
693 150 1041 195 SALLUSTI
1079 153 1313 198 cRISPt

247 267 429 312 sceleris
481 267 684 313 conscius
735 273 872 325 esset,
923 268 1006 314 sed
1063 270 1128 315 uti
1180 271 1440 332 respublica
1491 273 1644 333 quieta

200 370 228 411 3
247 359 392 415 foret,
428 374 549 403 neve>
577 374 633 404 ex
667 375 753 404 sua.
781 361 1067 423 contentione
1101 360 1262 407 seditio
1298 363 1500 411 oriretur.
1567 366 1643 412 Ab

243 451 317 504 his
369 451 509 511 longe
564 451 764 496 divorsas
819 451 988 498 litteras
1042 453 1101 510 Q.
1146 452 1333 510 Catulus
1382 456 1430 501 in
1474 456 1643 512 Senatu

243 595 299 641 (v.
321 594 488 641 '1⁷liucyd.
510 595 539 638 1,
557 594 656 640 13),
681 605 773 639 quae
794 595 1036 640 humanitate,
1066 597 1263 634 litterarum
1292 599 1417 636 studiis
1437 599 1645 647 legibusque

244 655 344 689 clara
365 653 455 694 fnit,
482 653 529 686 cf.
554 652 626 687 Cic.
661 665 696 697 p.
720 653 852 688 Flacco
885 665 916 689 c.
947 654 1006 697 26,
1032 653 1236 692 63μῙιιειίιι.
1263 658 1394 702 XLIII,
1422 657 1457 701 4,
1489 659 1526 694 5.
1559 660 1641 694 coll.

244 711 393 748 Moebio
417 711 461 745 ad
486 711 586 745 Caes.
612 712 656 747 B.
683 712 727 746 G.
747 712 774 754 l,
793 711 826 745 1.
857 730 900 736 —
945 712 1026 747 Non
1058 725 1125 758 quo
1157 715 1237 749 sibi.
1280 715 1341 750 Sic
1371 717 1530 762 plerique
1558 711 1645 752 libri

244 782 350 812 mss.;
382 770 442 804 sed
476 772 642 813 quattuor
672 769 773 803 codd.
807 781 875 803 non
914 770 1006 815 quod
1036 771 1123 814 sibi,
1154 775 1322 807 consueta
1352 774 1483 808 harum
1516 785 1645 812 vocum

243 828 516 875 permutatione.
563 825 736 861 Dictionis
767 826 941 871 originem
965 838 1007 862 ac
1030 828 1105 862 vim
1136 840 1260 864 eruere
1290 831 1409 866 conati
1441 835 1522 868 sunt
1543 832 1646 867 Peri-

245 898 323 922 zon.
347 886 392 920 ad
417 885 535 919 Sanct.
560 883 648 918 Min.
669 884 728 926 lv,
756 883 814 919 12.
849 895 885 928 p.
913 884 984 919 387
1006 897 1057 930 sq.
1092 889 1127 921 et
1150 887 1247 922 Gort.
1281 888 1327 922 ad
1352 889 1391 922 h.
1414 890 1460 931 1.,
1492 901 1645 935 quorum

245 943 310 979 ille
331 955 408 977 rem
432 942 517 976 satis
541 942 753 986 explicatam
776 941 935 985 putavit,
970 942 1001 977 si
1022 945 1183 978 teneatur
1218 956 1258 978 eo
1291 945 1527 990 supplendum
1556 957 1644 988 esse,

245 1002 328 1046 hic,
358 1001 428 1035 ista
450 999 564 1043 ellipsi
587 1010 656 1034 non
678 998 856 1039 admissa,
889 1010 956 1043 quo
986 1001 1112 1036 statuit
1141 1012 1204 1046 per
1235 1012 1272 1036 se
1305 1006 1342 1036 et
1363 1001 1402 1037 vi
1433 1003 1522 1037 sexti
1543 1013 1644 1037 casus
1675 1011 1687 1019 ⁴

244 1059 448 1105 significare
467 1062 610 1102 propter
632 1057 743 1101 quod,
779 1055 803 1089 ἰ.
828 1067 860 1090 e.
885 1057 979 1100 quia.
1027 1058 1165 1102 Quibus
1200 1059 1293 1093 haec
1328 1059 1406 1094 iure
1439 1053 1644 1094 obscuriora

243 1127 443 1163 parumque
464 1119 628 1164 accurate
655 1115 836 1158 disputata
857 1112 1090 1160 videbuntur,
1114 1127 1174 1152 eos
1205 1117 1356 1153 meliora
1388 1116 1526 1152 docebit
1547 1105 1641 1161 Aug.

244 1176 418 1212 Matthias
441 1175 486 1208 ad
510 1174 583 1206 Cic.
617 1178 707 1206 orat.
739 1183 772 1215 p.
798 1172 904 1205 Rosc
938 1171 1016 1205 Am.
1041 1184 1072 1207 c.
1092 1173 1152 1216 48,
1170 1175 1251 1210 141.
1285 1175 1346 1220 qui
1375 1178 1470 1209 recte
1499 1173 1642 1218 praeci-

244 1234 317 1280 pit,
341 1245 409 1267 τιοη
432 1243 497 1277 quo
528 1229 704 1275 originem
727 1228 866 1263 duxisse
889 1229 934 1262 ab
959 1229 1002 1264 iis
1025 1232 1346 1276 (mundationibus,
1367 1232 1404 1266 in
1426 1231 1552 1276 quibus
1573 1243 1642 1266 mm

245 1303 285 1327 eo
302 1309 350 1317 —-
365 1289 456 1335 quod
479 1288 597 1322 fuerit.
644 1287 803 1329 Deinde,
825 1298 934 1330 quum
969 1289 1060 1332 quod
1082 1300 1147 1333 pro
1171 1290 1322 1325 relativo
1352 1289 1517 1324 habitum
1540 1293 1643 1330 esset,

245 1350 293 1384 ad
306 1349 526 1384 Graecorum
546 1356 682 1379 morem
701 1356 763 1389 per
786 1334 1031 1378 attractmnem
1057 1347 1278 1390 praecedenti
1302 1359 1342 1383 eo
1364 1350 1417 1382 est
1439 1357 1643 1382 accommo-

244 1409 378 1448 datum,
398 1405 428 1439 is
413 1416 497 1449 sque
511 1415 614 1438 casus
629 1405 751 1447 postca
768 1401 820 1436 ibi
837 1413 974 1447 quoque
994 1403 1157 1457 obtinuit,
1174 1405 1237 1439 ubi
1262 1416 1301 1439 eo
1324 1416 1435 1449 neque
1453 1403 1644 1448 praecessit

242 1475 357 1509 neque
383 1461 600 1508 cogitatione
626 1460 859 1506 supplendum
886 1460 965 1496 fuit.
1022 1461 1108 1496 Inde
1130 1454 1354 1514 consequitur
1381 1465 1417 1496 et
1438 1460 1643 1506 Zumptium

243 1532 394 1563 errasse,
418 1521 481 1565 qui
506 1520 667 1553 Gramm.
690 1519 769 1552 Lat.
795 1520 827 1561 §.
846 1517 904 1560 78,
922 1518 956 1552 6.
976 1529 1006 1552 c.
1031 1530 1065 1563 p.
1083 1518 1165 1555 399.
1189 1520 1311 1562 docet,
1334 1519 1372 1554 in
1395 1519 1552 1554 formula
1573 1530 1644 1553 mm

243 1592 310 1627 quo
344 1578 485 1613 relativi
527 1576 725 1612 ablativum
759 1574 960 1622 significare
1002 1582 1043 1612 ut
1073 1589 1137 1620 eo,
1175 1581 1210 1613 et
1235 1575 1552 1619 Ramshornium„
1578 1575 1644 1620 qui

244 1639 408 1673 Gramm.
430 1636 508 1670 Lat.
531 1638 564 1679 ς.
586 1635 666 1678 186,
682 1635 723 1669 V.
759 1646 793 1679 p.
820 1633 902 1668 560.
937 1646 1058 1670 seusus
1090 1635 1279 1671 discrimen
1309 1634 1433 1671 statuit
1453 1633 1546 1671 inter
1575 1645 1645 1668 ιιοιι

243 1707 310 1742 quo
353 1698 388 1728 et
419 1706 488 1727 non
526 1693 618 1738 quod
653 1703 735 1726 cum
765 1691 990 1726 coniunctim
1028 1692 1272 1736 coniunctum3
1307 1703 1415 1738 quam
1444 1691 1508 1726 hic
1547 1691 1643 1726 euim

243 1754 323 1788 vult
346 1750 593 1793 differentiam,
617 1762 660 1784 ea
685 1749 878 1784 indicativo
900 1749 1035 1792 nititur,
1058 1761 1128 1794 quo
1151 1761 1238 1786 vera
1260 1751 1410 1786 affertur
1432 1759 1581 1791 caussa,
1603 1752 1646 1789 ιιι

243 1809 419 1849 Matthias
452 1809 527 1843 1.1.
561 1803 708 1841 monuit.
774 1807 888 1841 Recte
929 1805 1043 1852 igitur
1081 1806 1231 1842 Beierus
1261 1808 1357 1853 apud
1387 1807 1461 1842 Cic.
1494 1807 1538 1841 de
1569 1806 1644 1842 off.

243 1869 308 1910 111,
323 1866 384 1909 22,
403 1870 491 1900 extr.
524 1863 652 1899 edidit:
694 1861 835 1910 eoque
867 1865 986 1910 magis
1017 1865 1132 1910 quod
1169 1865 1235 1899 illa
1266 1866 1429 1900 ordinum
1452 1865 1644 1909 coniunctio

245 1927 296 1962 ad
317 1926 471 1970 salutum
493 1923 638 1967 reipubl.
660 1922 794 1966 perti
802 1922 940 1957 nebat
948 1934 963 1962 ‚-
985 1922 1231 1968 Heusingcrus
1253 1922 1368 1965 euim,
1402 1921 1516 1957 Cottii
1537 1933 1643 1966 prae-

244 1987 346 2030 cepto
369 1983 416 2018 ad
437 1982 474 2015 h.
499 1981 524 2014 l.
550 1980 723 2022 seductae,
747 1991 812 2024 quo
836 1981 900 2014 illa
921 1979 1120 2024 scripserat.
1171 1980 1333 2022 Ceterum
1357 1979 1500 2015 Cottius
1523 1972 1642 2027 nostro

243 2043 326 2078 loco
347 2041 400 2076 ita
421 2037 563 2084 ingenio
587 2036 746 2079 indulsit,
769 2040 808 2071 ut
831 2037 939 2072 etiam
963 2043 1052 2072 esset
1074 2037 1150 2072 sine
1171 2037 1273 2072 codd.
1296 2037 1457 2080 eiiceret,
1481 2038 1644 2083 fidelibus

244 2099 388 2136 asseclis
418 2096 708 2142 obsequentibuS,
741 2094 842 2141 nobis
871 2106 942 2130 ιιοιι
971 2094 1068 2139 item.
1125 2094 1335 2135 Gerlachius
1364 2095 1402 2131 iu
1431 2097 1641 2146 Commeutt.

243 2159 324 2192 Vol.
342 2157 387 2192 11.
410 2157 452 2191 P.
470 2156 497 2189 1.
521 2166 554 2198 p.
574 2153 654 2188 109.
683 2152 804 2188 Cottio
828 2151 1032 2194 assentitur,
1043 2155 1237 2197 permotus
1261 2148 1374 2198 turpi
1377 2153 1508 2204 calami
1526 2146 1642 2201 lapsu,

243 2227 314 2262 quo
337 2214 415 2249 cod.
440 2212 535 2247 Med.
551 2211 600 2255 6,
627 2211 705 2256 suit
727 2222 792 2255 pro
816 2214 904 2244 esset
926 2203 1114 2255 exbibens,
1132 2209 1347 2261 inquinatae
1357 2213 1435 2261 eng
1507 2254 1509 2257 ι

337 2282 425 2306 neve
449 2281 490 2305 es:
513 2281 579 2304 sua
602 2270 715 2315 cont.]
752 2270 910 2312 Cottius,
933 2279 1099 2314 quocum
1120 2267 1251 2309 iterum
1280 2268 1384 2322 nobis
1410 2244 1642 2327 pugnandum

243 2333 320 2374 est,
350 2329 427 2364 vim
458 2339 545 2362 neve
568 2328 762 2383 particulae
783 2328 886 2372 plane
909 2325 1088 2381 neglexit,
1121 2325 1300 2369 explicans
1331 2331 1366 2377 et
1388 2339 1459 2362 ιιοιι
1479 2327 1566 2373 siffve
1576 2322 1641 2373 aut

243 2401 325 2431 mn,
349 2398 459 2432 quum
481 2385 645 2430 ubique
634 2398 671 2420 ιιι
694 2386 839 2421 consilio
862 2374 1106 2430 significando,
1126 2383 1346 2429 praegressis
1366 2389 1428 2428 ιιι,
1446 2395 1510 2427 πο,
1531 2388 1572 2419 ιιι
1594 2395 1641 2419 ne

242 2444 430 2491 particulis
461 2447 496 2479 et
527 2442 694 2489 negativa
725 2442 895 2478 sententia
925 2445 1111 2486 sequente,
1131 2440 1342 2486 prohibendi
1363 2442 1491 2491 vocula
1524 2446 1560 2477 et
1582 2453 1640 2484 ue,

246 2503 272 2538 i.
298 2514 329 2538 e.
352 2514 437 2536 neve
460 2513 547 2545 opus
569 2500 625 2536 sit.
671 2500 750 2536 Non
771 2500 964 2544 probamus
995 2504 1117 2534 autem
1139 2498 1297 2543 Zumptii
1317 2498 1542 2547 senteutiam,
1577 2499 1640 2547 qui
1700 2525 1703 2529 .

248 2561 411 2595 Gramm.
434 2561 512 2594 Lat.
536 2561 568 2602 S.
580 2558 640 2601 78,
649 2558 684 2601 6,
703 2559 739 2593 b.
762 2561 834 2593 not.
843 2558 877 2592 1.
899 2568 983 2603 pag.
993 2555 1083 2601 398
1095 2567 1143 2592 ea
1163 2555 1307 2593 ferenda
1329 2559 1444 2591 censet
1465 2557 1640 2618 exempla,

246 2617 311 2652 ubi
325 2628 435 2661 neque
451 2621 513 2651 aut
535 2628 598 2650 nec
621 2614 765 2653 illatum
788 2619 854 2659 est,
877 2626 944 2660 pro
967 2626 1052 2650 neve
1074 2618 1137 2650 aut
1158 2625 1244 2657 netu
1265 2624 1357 2658 quae
1378 2614 1518 2659 omnia,
1528 2626 1640 2660 quum

248 2674 322 2712 sine
351 2673 460 2710 dubio
483 2673 683 2713 scribarum
707 2674 819 2711 errori
841 2674 1054 2721 debeantur,
1087 2671 1296 2719 corrigeuda
1325 2670 1527 2714 iudicamus
1557 2683 1639 2709 οιιιιι
