1754 2964
210 171 269 198 111
627 156 1195 205 PRAEFATto.

209 273 405 320 difficile
435 273 514 330 sit,
559 273 696 319 etiam
730 275 812 320 ubi
843 276 919 321 vel
954 275 1431 334 maxime·attendas,·
1458 275 1613 329 omnia

210 354 273 398 ad
309 354 505 399 eandem
526 369 749 399 normam
780 357 1083 403 conformare.
1118 356 1327 402 Eandem
1364 357 1506 403 nobis
1530 359 1613 404 e‘x-

210 437 490 480 cusationem
525 450 642 495 opus
674 435 873 481 futuram
911 452 1009 485 esse
1043 436 1250 483 videmus
1282 439 1331 482 in
1363 437 1613 489 verborum

209 515 437 562 scribendi
480 516 681 571 ratione,
726 531 1003 575 quamquam
1055 501 1326 564 confidimus
1380 518 1613 578 aliquanto

209 596 568 655 aequabiliorem
603 611 704 640 eam
743 611 827 640 nos
862 597 1091 655 effecisse,
1133 614 1272 659 quam
1303 599 1356 643 in
1383 599 1617 659 prioribus

210 676 480 722 editionibus
516 676 690 722 factum
724 683 834 722 erat.
903 678 968 723 In>
990 690 1049 724 ea
1093 685 1247 724 autem
1291 692 1345 724 re
1354 679 1502 724 *satist
1539 679 1614 724 lu·-

209 757 363 813 brica,
410 756 536 801 cuius
582 764 707 803 certa
750 757 866 803 ratio
912 774 971 803 ne
1003 759 1051 803 in
1096 758 1246 820 patrio
1293 759 1485 817 quidem
1514 775 1613 806 ser-

209 842 347 883 mone
381 843 582 894 constet,
615 838 679 883 ita
713 839 875 884 versati
909 854 1084 898 sumus,
1119 845 1172 884 ut
1205 839 1614 900 antiquissimorum

210 935 265 965 ac
334 918 754 978 probatissimorum
817 920 1006 979 quidem
1068 919 1283 966 codicum
1347 919 1615 966 auctoritaie

208 999 702 1061 grammaticorumque
725 1002 980 1062 praeceptis
1009 1000 1205 1046 maxime
1232 1001 1490 1060 niteremur,
1520 1000 1618 1047 ne*

212 1096 304 1139 que
339 1087 494 1124 tamen
524 1080 657 1124 'anxie
692 1081 905 1127 codicum
949 1096 1215 1127 consensum
1251 1083 1424 1141 ubique
1453 1082 1612 1140 requi*-

210 1175 423 1206 reremus.
514 1160 621 1216 Qua
672 1162 798 1206 enim
854 1162 1078 1207 scribendi
1130 1163 1305 1207 ratione
1346 1162 1611 1207 Sallustium

210 1258 341 1288 usum
399 1249 496 1286 esse
549 1249 696 1299 certa,
752 1242 858 1288 licet
902 1243 1077 1302 pauca,
1132 1250 1334 1288 veterum
1388 1242 1613 1287 librorum

208 1323 400 1384 vestigia
441 1323 750 1382 ostenderent,
806 1324 998 1368 eandem
1053 1324 1224 1383 ubique
1267 1322 1611 1382 exprimendum

211 1405 446 1459 duximus,
492 1405 628 1448 etiam
672 1405 751 1450 ubi
795 1404 978 1450 codices
1020 1404 1115 1448 'non
1149 1404 1421 1449 assentirent.
1490 1390 1623 1446 Nam·

212 1501 355 1546 quum
408 1485 578 1529 librarii
631 1484 723 1529 iam
779 1491 956 1530 mature
1010 1476 1282 1543 antiquitatis
1333 1480 1538 1529 colorem
1583 1496 1613 1526 a

212 1566 428 1613 Sallustio
465 1567 715 1624 quaesitum
759 1565 984 1621 delerent,
1027 1562 1090 1610 ita
1130 1571 1182 1610 ut
1214 1579 1333 1624 quae
1373 1567 1615 1623 supersunt

213 1649 423 1706 antiquae
458 1647 636 1692 formae
680 1647 828 1707 magis
874 1646 997 1691 casui
1031 1644 1169 1704 quam
1215 1642 1463 1691 scribarum
1506 1641 1616 1687 dili-³

213 1731 400 1791 gentiae
457 1728 626 1772 deberi
660 1728 923 1783 videantur,
979 1741 1066 1786 per
1119 1740 1172 1772 se
1215 1731 1344 1786 patet
1387 1722 1614 1783 scribendi

212 1810 385 1856 nullam
420 1809 716 1854 constantiam
759 1807 807 1851 in
842 1807 980 1855 codd.
1016 1806 1306 1866 deprehendi
1338 1812 1476 1865 posse
1487 1819 1506 1860 9*
1536 1808 1614 1847 at·-

213 1907 304 1952 que
351 1891 515 1937 editori
560 1906 652 1935 non
696 1895 790 1934 tam
833 1888 883 1933 id
929 1889 978 1933 in
1032 1901 1127 1946 quo
1169 1887 1276 1932 libri
1319 1885 1613 1943 consentiant,

211 1989 353 2033 quam
388 1971 501 2031 quid
544 1977 669 2015 recta
702 1969 819 2013 ratio
853 1967 1041 2023 suadeat
1067 1983 1137 2013 ac
1170 1967 1370 2028 postulet
1401 1971 1615 2026 spectari-.-

215 2055 327 2100 dum
362 2070 472 2099 esse.
553 2050 782 2108 Quocirca
817 2048 1119 2094 accusativum
1162 2048 1282 2108 plur.
1324 2060 1480 2092 earum
1523 2059 1614 2089 voe-

216 2151 335 2190 cmn,
371 2149 562 2194 quarum
597 2131 821 2192 genitivus
853 2130 899 2173 in
935 2130 1033 2174 ium
1065 2129 1350 2184 tenninatur‚f
1367 2126 1539 2185 ubique
1571 2125 1614 2171 ἰε

215 2216 496 2275 scripsimus,
531 2216 673 2272 quum
709 2217 833 2256 certa
866 2210 939 2254 via
972 2209 1241 2254 intellexisse
1273 2207 1534 2253 videremur
1565 2206 1614 2250 in

217 2311 269 2341 es
313 2297 511 2339 formam
557 2309 585 2338 a
626 2293 783 2338 scribis
827 2293 1072 2345 invectam,
1099 2305 1210 2335 non
1252 2288 1455 2353 Sallustii
1483 2274 1613 2342 esse,

219 2376 476 2434 eademque
509 2375 668 2420 caussa
703 2373 810 2428 fuit,
856 2387 938 2418 cur
977 2371 1228 2432 genitivum
1262 2366 1490 2415 secundae
1525 2365 1614 2410 de.-

218 2457 321 2503 clin.
358 2456 635 2516 singularem
682 2469 840 2498 eorum
874 2454 1134 2510 nominum,
1178 2463 1373 2508 quorum
1406 2447 1614 2492 nomina-

218 2538 333 2582 tivus
366 2537 412 2580 in
459 2537 542 2580 ius
572 2535 649 2579 vel
682 2535 779 2581 ium
826 2533 939 2589 exit,
986 2547 1079 2595 non
1120 2530 1296 2590 duplici
1328 2529 1347 2573 i
1380 2526 1614 2587 scripseri-

219 2633 334 2671 mus,
368 2615 496 2660 haud
531 2616 687 2676 paucis
721 2614 942 2674 exemplis
975 2610 1311 2657 ostendentibus
1347 2606 1614 2668 Sallustium

219 2698 427 2745 breviore
492 2697 744 2755 eademque
795 2693 1047 2753 antiquiore
1113 2691 1264 2735 forma
1323 2702 1452 2734 usum
1490 2701 1615 2732 ‚esse-
