1754 2964
273 143 362 185 258
632 139 682 192 e,
722 137 1076 201 santusrm
1098 108 1344 197 ,entem

275 258 424 304 socios
456 260 548 302 aut
588 255 732 317 hostis
779 257 997 302 idoneum
1040 258 1302 318 videbatur,
1349 275 1458 310 eum
1487 274 1678 315 :summo

276 349 427 395 studio
470 346 598 406 domi
638 330 1024 409 exsequebantur,
1085 351 1250 396 imitari
1292 367 1431 412 quam
1474 351 1677 408 invidere

208 441 405 490 39bonis
437 440 683 486 malebant.
753 441 850 487 Sed
885 442 1052 488 eodem
1078 443 1160 488 illo
1194 449 1420 504 tempore,
1452 445 1677 494 Graeciae

273 519 458 580 morem¹
485 532 670 591 imitati,
705 534 970 590 verberibus
1004 535 1426 582 animadvortebant
1469 538 1516 583 in
1551 539 1674 597 civis,

199 675 201 677 .
274 625 337 671 de
403 623 715 672 condemnatis
784 642 1010 672 summum
1080 628 1355 689 supplicium
1425 631 1671 677 sumebant.

273 770 319 795 ne
342 759 454 795 verba
475 769 609 805 magna
631 758 671 794 vi
692 758 762 794 sibi
796 759 955 805 opposita
977 761 1196 797 substantivo
1218 762 1274 797 bis
1295 761 1410 808 posito
1435 766 1472 799 et
1493 762 1567 800 alio
1589 775 1674 801 casn

271 817 456 854 interiecto
475 818 695 863 languerent.
727 819 892 854 Ceterum
911 819 1018 864 bonis,
1036 820 1131 865 quod
1153 818 1283 861 aliine
1299 820 1504 858 hominihus
1524 822 1563 858 in
1585 835 1674 868 quo-

272 875 329 912 vis
361 875 502 910 virtutis
524 887 654 921 genere
677 875 815 910 eximiis
838 876 1059 922 intelligunt,
1083 882 1208 913 neutro
1230 890 1360 924 genere
1382 881 1534 924 positum
1556 892 1632 915 esse
1653 891 1675 915 e

271 937 525 972 sententiarum
549 946 641 969 nexu
663 933 751 967 satis
775 938 892 978 patet,
929 947 1039 979 quum
1062 935 1100 970 iu
1121 934 1336 982 antegressis
1357 947 1427 971 non
1447 938 1495 984 ⁴(le
1517 938 1673 987 homini²

273 993 362 1037 bus,
384 993 445 1028 sed
468 994 512 1029 de
534 990 702 1038 exemplis
724 992 877 1029 aliorum
901 997 937 1029 et
958 993 1126 1028 institutis
1149 997 1290 1040 agatur.
1337 994 1441 1039 Quod
1462 998 1503 1030 ut
1524 994 1673 1045 gravius

273 1051 472 1087 inculcaret
521 1050 740 1087 audientium
782 1050 930 1094 animis,
978 1051 1110 1086 Caesar
1151 1052 1416 1088 antecedentem
1462 1050 1673 1089 senteutiam

274 1110 395 1156 quod
417 1110 543 1155 ubique
566 1100 779 1144 idoneum
800 1109 1008 1151 videbatur,
1040 1108 1121 1144 aliis
1143 1111 1250 1144 modo
1274 1110 1390 1145 verbis
1412 1110 1504 1146 usus'
1519 1110 1670 1156 repetiit.

277 1167 451 1219 Invidere,
474 1167 569 1225 quod
590 1166 651 1201 hic
674 1165 833 1201 dativum
867 1166 920 1209 rei
944 1162 1150 1202 adiunctum
1171 1167 1302 1210 habet,
1325 1167 1466 1213 proprie
1487 1176 1570 1202 eum
1607 1168 1672 1202 da-

274 1222 350 1260 tivo
373 1223 568 1270 personae,
597 1224 833 1267 incommodi,
869 1236 978 1270 quam
1002 1225 1141 1268 dicunt,
1172 1229 1367 1270 potestate,
1390 1223 1560 1273 iungitur.
1617 1215 1670 1260 De

274 1282 378 1318 varia
413 1282 514 1330 verbi
538 1285 713 1318 structura
751 1283 797 1317 cf
823 1282 897 1317 Cic.
922 1282 1029 1318 Tusc.
1059 1282 1123 1325 111,
1149 1283 1184 1326 9,
1210 1283 1268 1318 20.
1302 1280 1428 1329 intprr.
1452 1281 1499 1318 ad
1521 1282 1670 1328 Quintil.

273 1341 338 1383 lx,
359 1339 394 1382 3,
412 1341 447 1375 1.
493 1340 654 1375 Perizon.
678 1339 724 1374 ad
746 1339 865 1375 Sanct.
889 1339 978 1375 Min.
1002 1340 1066 1383 111,
1086 1339 1120 1375 3.
1142 1352 1178 1386 p.
1205 1339 1288 1375 485.
1331 1340 1397 1376 Ed.
1431 1341 1523 1382 Bau.
1548 1344 1583 1376 et
1603 1335 1668 1376 Fr.

278 1399 436 1454 Gronov.
463 1398 508 1433 ad
531 1397 648 1432 Tacit.
671 1397 759 1432 Αιιιι.
783 1398 813 1440 Ι,
837 1397 895 1440 22,
919 1401 1007 1432 extr.

319 1455 402 1500 ’5
436 1455 505 1492 39.
524 1455 583 1490 40.
654 1455 825 1489 Graeciae
863 1454 1016 1501 morem]
1065 1455 1121 1490 De
1153 1455 1325 1492 Draconis
1364 1455 1496 1492 severis
1527 1454 1668 1502 legibus
1743 1474 1746 1477 Δ

272 1512 433 1559 plerique
456 1514 614 1560 cogitant
636 1513 863 1557 interpretes;
894 1512 1056 1559 Heynius
1077 1524 1164 1548 vero
1186 1514 1335 1559 opusne
1358 1515 1487 1550 Aondd.
1511 1505 1676 1549 v01.111.‘

272 1571 405 1638 p.184
428 1583 500 1617 sqq.
548 1571 721 1616 Magnam
754 1570 942 1606 Graeciam
980 1570 1163 1617 intelligit.
1215 1572 1306 1607 Utra
1335 1572 1428 1607 ratio
1462 1570 1582 1607 verior
1610 1571 1669 1628 sit,

271 1628 312 1665 in
341 1633 439 1664 tanta
479 1626 649 1664 orationis
689 1628 924 1674 ambiguitate
961 1629 1108 1664 difficile
1151 1633 1205 1664 est
1235 1630 1280 1665 ad
1321 1627 1594 1664 diiudicandum.
1619 1642 1668 1653 -·

273 1687 526 1722 circumveniri
546 1686 729 1731 permultis
750 1685 851 1720 libris
872 1690 1104 1730 sustentatum
1137 1687 1234 1722 haud
1257 1687 1526 1722 contemnendus
1548 1689 1666 1722 tamen

272 1755 396 1779 eorum
419 1754 586 1779 numerus
621 1745 867 1780 circumvenire
890 1744 1054 1788 exhibet,
1087 1746 1181 1790 quod
1213 1756 1235 1780 a
1258 1745 1378 1780 Cot-tio
1408 1745 1555 1789 aliisque
1585 1755 1669 1789 pro-

272 1802 397 1837 batum
427 1813 498 1836 non
534 1802 669 1844 miror,
710 1812 731 1836 a
767 1802 958 1837 Gerlachio
999 1808 1183 1848 receptum
1224 1803 1371 1837 nouem.
1428 1803 1533 1848 Quod
1572 1801 1666 1837 enim

271 1861 518 1894 circumvenire
552 1861 604 1895 lta
636 1859 788 1904 pendere
820 1859 988 1909 volunta
1020 1873 1180 1906 coepere,
1212 1865 1253 1896 ut
1283 1861 1402 1896 dicant
1431 1860 1664 1906 supplendum

270 1927 346 1963 esse
368 1918 511 1964 quidam
535 1930 582 1952 se.
620 1929 661 1951 ex
685 1915 758 1950 illis
781 1916 1017 1960 factionibus,
1051 1918 1088 1952 id
1121 1923 1307 1963 propterea
1327 1927 1400 1954 nou
1428 1921 1547 1964 potest
1572 1916 1664 1962 fleri,

268 1976 355 2020 quia
386 1976 453 2011 isto
485 1976 591 2010 modo
623 1977 763 2021 coepere
795 1974 864 2009 duo
899 1974 1057 2010 subiecta
1094 1974 1202 2010 simul
1233 1977 1403 2019 haberet,
1443 1974 1665 2010 indefinitum

268 2037 305 2068 et
328 2033 542 2088 definitum,
563 2033 657 2078 quod
687 2043 793 2067 sanae
823 2032 953 2067 rationi
975 2037 1149 2086 repugnat
1178 2034 1439 2079 absurdumque
1461 2036 1525 2068 est.
1573 2032 1666 2067 Con-

267 2089 431 2127 similiter
453 2092 659 2145 interpretes
681 2093 864 2136 peccantes
885 2089 1039 2126 vidimus
1062 2091 1107 2125 ad
1131 2102 1160 2127 c.
1180 2091 1351 2135 X111‚3.;
1376 2090 1450 2126 alia
1471 2083 1674 2126 videbimus

268 2150 315 2184 ad
337 2150 416 2196 lug.
447 2148 589 2194 XXXV,
619 2138 654 2184 3.
702 2149 758 2183 De
781 2145 817 2183 vi
842 2149 1086 2183 circumvenire
1109 2150 1211 2185 verbi
1245 2151 1381 2184 dictum
1403 2150 1448 2189 ad
1472 2161 1501 2184 c.
1531 2148 1662 2192 xxxi,

267 2207 304 2242 9.
328 2227 374 2233 -—
405 2208 476 2243 Pro
500 2209 575 2244 alia
607 2207 841 2243 huiuscemodi
863 2206 1017 2252 Langius
1040 2210 1083 2242 et
1096 2208 1249 2242 Bothius
1278 2191 1499 2252 scripserunt
1521 2206 1664 2252 aliaque

268 2264 455 2300 huiuscem.
481 2266 607 2310 quod'
597 2278 634 2300 ιιι
663 2266 740 2299 lin.
757 2264 792 2300 2-.
827 2265 909 2298 Bas.
931 2265 954 2298 '²
998 2264 1350 2310 Sen.1.Gue1f.1
1376 2264 1411 2299 8.
1442 2259 1531 2299 Tur.
1554 2263 1587 2298 1.
1611 2274 1660 2297 m.

266 2334 337 2358 sec.
363 2329 399 2359 et
421 2325 527 2359 Bern.
551 2323 586 2359 2.
610 2328 734 2358 exstat.
783 2322 852 2356 Sed
876 2323 1037 2367 copulam
1069 2328 1164 2358 recte
1186 2324 1223 2357 in
1254 2321 1395 2357 relicnis
1431 2322 1553 2357 abesse
1583 2325 1660 2356 tum

267 2393 311 2415 ex
334 2393 376 2416 eo
399 2381 633 2428 intelligitur,
669 2376 762 2425 quod
796 2380 868 2413 Inc
892 2380 939 2414 1.
961 2383 995 2414 et
1027 2380 1147 2427 ‘3¹¹0ss
1172 2381 1207 2415 7.
1244 2385 1278 2414 et
1309 2377 1385 2414 alia
1420 2379 1550 2421 habet,
1582 2381 1659 2412 tum

265 2438 421 2471 maxime
444 2449 487 2472 ex
509 2439 675 2484 loquendi
697 2451 784 2481 usu,
817 2449 922 2482 quem
944 2436 1201 2472 illustravimus
1225 2437 1270 2472 ad
1304 2450 1335 2473 c.
1365 2436 1488 2480 xmu,
1513 2435 1548 2473 2.
1578 2435 1660 2472 cou.

266 2495 389 2537 c.L11‚
410 2496 467 2530 36.

359 2559 434 2587 tum
459 2555 514 2588 lex
539 2555 663 2589 Porcia
689 2554 847 2598 aliaeque
878 2554 975 2599 leges
1001 2554 1156 2598 paratae
1189 2553 1290 2598 sunt]
1331 2551 1432 2587 Haec
1471 2551 1603 2593 verba,
1637 2561 1660 2587 a

263 2611 391 2655 quibus
417 2611 578 2656 apodosis
611 2611 887 2646 antecedentium
913 2610 1058 2654 incipit,
1091 2611 1264 2645 Mfillerus
1296 2614 1331 2645 et
1353 2608 1504 2644 Bothius
1535 2619 1662 2654 perpe-

260 2678 340 2703 ram
369 2679 434 2712 pro
465 2679 578 2705 novae
620 2668 877 2704 enunciationis
909 2668 1011 2703 initio
1041 2668 1200 2711 habent,
1242 2671 1371 2713 puncto
1403 2672 1483 2712 post
1522 2670 1670 2713 coepere
1729 2700 1731 2702 ,
