1754 2964
249 144 336 197 122
603 142 650 189 C.
679 142 1024 186 SALLUSTI
1056 145 1282 190 CRISPI

247 257 393 303 minus
428 263 636 317 parceret
668 256 795 302 haud
829 258 962 303 facile
996 260 1294 316 discerneres;
1337 263 1536 309 lubidine
1569 266 1634 310 sic

250 364 465 408 accensa,
510 355 560 394 ut
603 349 778 409 saepius
820 358 998 409 peteret
1037 354 1156 398 viros
1201 369 1338 412 quam
1391 362 1631 414 peteretur.

205 441 235 482 4
250 441 346 487 Sed
381 457 453 485 ea·
476 456 613 500 saepe
658 440 850 486 antehac
892 442 1031 488 fidem
1075 445 1367 505 prodiderat,
1411 447 1631 492 creditum

249 533 556 587 abiuraverat,
607 532 758 579 caedis
816 535 994 580 conscia
1043 536 1214 593 suerat,
1267 537 1442 582 luxuria
1498 544 1632 597 atque

201 628 230 672 5
251 623 406 685 iuopia
468 638 690 684 praeceps
755 625 935 673 abierat.
1028 627 1198 673 Verum
1247 629 1478 689 ingenium
1538 630 1632 674 eius

246 825 366 862 Tacit.
397 826 487 861 Ann.
510 825 553 868 V,
576 824 611 860 6.
653 826 812 862 miserius
833 827 899 869 eit,
922 827 964 861 ob
987 828 1179 864 amicitiam
1202 828 1383 871 accusari,
1409 839 1459 862 nn
1479 829 1632 863 amicum

249 895 427 926 accusare,
451 883 549 918 haud
571 884 804 918 discreverim.
849 884 1003 929 Apparet
1034 887 1145 932 igitur
1175 886 1358 920 decernere
1380 885 1484 920 latius
1511 889 1632 930 putere

245 953 354 987 quam
377 943 582 984 discernere,
605 944 640 975 et
666 940 828 985 quamvis
849 953 953 986 saepe
975 947 1162 988 utrumque
1183 945 1228 978 de
1249 945 1373 978 eadem
1396 954 1435 977 re
1460 941 1531 976 dici
1546 953 1629 987 poe-

245 1000 312 1043 sit,
334 1004 451 1034 tamen
473 999 650 1044 cogitandi
673 1000 818 1034 modum
841 1000 992 1036 multum
1015 1012 1090 1035 esse
1111 1002 1298 1036 diversum.

339 1057 493 1091 lubidine
525 1058 574 1091 sic
597 1057 765 1102 accensa]
807 1056 898 1090 Cum
939 1057 1058 1092 cottio
1095 1059 1254 1104 plerique
1287 1070 1330 1093 ex
1367 1055 1630 1097 recentioribus,

245 1115 356 1151 etiam
379 1114 605 1159 Gerlachius,
637 1114 868 1149 exhibuerunt
891 1115 1005 1149 lubido
1028 1117 1077 1150 sic
1101 1105 1267 1158 nomnen,
1289 1125 1394 1159 quam
1418 1113 1631 1157 scripturam

245 1174 390 1218 praebet
412 1172 532 1207 Guelf.
557 1172 591 1207 1.
613 1171 649 1207 5.
680 1172 763 1207 Sen.
788 1172 821 1206 1.
854 1172 961 1206 Fabr.
987 1173 1020 1207 1.
1054 1174 1141 1207 Tur.
1165 1174 1200 1207 1.
1230 1177 1265 1207 et
1288 1171 1456 1206 Rostoch.
1503 1169 1576 1204 Sed
1592 1169 1630 1203 in

245 1234 345 1266 tanto
378 1229 592 1264 relicum-um
614 1230 788 1265 librorum
811 1241 978 1263 consensu
1007 1230 1104 1266 baud
1140 1230 1325 1275 probabile
1358 1233 1412 1263 est
1444 1225 1633 1261 nominati-

244 1300 333 1323 vum
358 1299 381 1323 a
403 1287 572 1322 Sallustio
596 1299 672 1323 esse
693 1288 910 1333 profectum,
941 1288 1146 1331 praesertim
1169 1299 1278 1333 quum
1301 1287 1338 1321 in
1367 1285 1436 1320 ista
1458 1283 1631 1328 scriptura

246 1346 345 1382 aliud
369 1344 519 1380 orationi
548 1345 689 1381 illatum
718 1345 913 1380 subiectum
936 1349 1132 1381 structurae
1155 1344 1441 1390 perpetuitatem,
1473 1353 1497 1376 a
1517 1340 1632 1375 nomi-.-

244 1416 291 1439 ne
313 1403 538 1448 Semproniae
560 1404 751 1449 pendentis,
773 1403 994 1437 incommode
1015 1404 1128 1439 tollat.
1166 1403 1353 1438 Praeterea
1374 1401 1504 1446 glossa,
1520 1408 1630 1442 qnam

243 1461 358 1497 iidem
376 1460 514 1495 codices
543 1461 694 1503 habent,
725 1461 840 1496 lubido
873 1461 946 1496 eius
979 1462 1028 1495 sic
1051 1466 1129 1496 erat
1151 1471 1316 1500 accensa,
1346 1457 1464 1503 magia
1493 1457 1540 1491 ad
1560 1466 1629 1489 ne-

243 1523 375 1561 stram,
408 1529 516 1563 quum
538 1519 585 1552 ad
607 1518 812 1553 Cortianam
843 1518 1053 1563 scripturam
1074 1521 1232 1563 spectare
1252 1516 1409 1558 videtum
1439 1512 1629 1550 nominati-

245 1589 313 1612 vus
337 1577 430 1612 enim
461 1576 492 1611 ei
514 1577 649 1621 positus
670 1577 814 1621 fuisset,
845 1576 908 1611 vix
938 1581 1034 1619 erut,
1067 1575 1161 1623 quod
1189 1574 1436 1619 explicaretur.
1483 1573 1632 1606 Inceneoe

244 1639 364 1671 autem
386 1646 456 1670 non
477 1633 759 1680 coniungendam
782 1645 863 1668 cum
886 1635 1060 1680 lubidine,
1090 1634 1151 1669 sed
1178 1632 1293 1678 primo
1315 1642 1399 1667 meu
1420 1629 1630 1674 capiendum

244 1694 290 1729 de
313 1692 528 1737 Sempronia,
549 1691 756 1735 falliturque
779 1691 946 1737 Longius,
969 1697 1151 1736 utramque
1172 1694 1384 1726 structurum
1398 1695 1518 1730 ‘aeque
1534 1695 1631 1720 com-

243 1751 390 1786 modam
412 1760 563 1783 censens,
609 1749 679 1783 Per
701 1761 740 1783 se
762 1749 902 1794 quidem
924 1750 1016 1784 nibil
1037 1750 1172 1792 obstat,
1194 1747 1379 1793 quominus
1402 1744 1538 1779 incendi
1559 1754 1629 1778 non

243 1809 362 1845 solum
395 1807 569 1849 hominos,
601 1807 662 1841 sed
697 1806 805 1841 etiam
834 1808 1111 1852 perturbationes
1141 1806 1251 1841 animi
1273 1805 1454 1846 dicantur,
1485 1802 1532 1836 of.
1557 1800 1630 1836 cie.

244 1866 379 1902 Acadd.
397 1865 442 1907 Π,
458 1864 517 1908 28,
535 1864 594 1899 89.
615 1865 879 1900 nonneibidcm
902 1867 1108 1900 incitato
1123 1861 1318 1908 furore?
1349 1871 1398 1894 sc.
1421 1860 1562 1901 clamat,
1586 1858 1630 1890 de

244 1935 317 1969 quo
338 1924 418 1958 loco
439 1923 512 1959 vid.
535 1922 728 1966 Wopkens.
752 1923 862 1957 Lectt.
885 1935 920 1967 p.
937 1922 995 1958 38.
1026 1921 1114 1956 Sall.
1137 1921 1215 1964 lug.
1234 1919 1292 1960 vl,
1307 1917 1343 1952 3.
1366 1916 1529 1951 etudi'a
1552 1915 1632 1949 Nu-

245 1983 422 2017 midarum
442 1981 481 2015 in
505 1980 716 2026 Iugurtham
739 1990 949 2014 accensa.
988 1979 1067 2014 Liv.
1092 1977 1224 2017 XXIX,
1251 1975 1309 2017 19,
1326 1974 1383 2008 10.
1415 1971 1630 2008 accensis

246 2041 424 2075 studiis
444 2050 508 2084 pro
526 2039 706 2083 Scipione3
727 2038 790 2072 sed
810 2042 929 2072 nostro
951 2038 1030 2072 loco
1049 2037 1235 2081 propterea
1257 2034 1411 2076 praestat
1425 2032 1567 2066 incensa
1585 2028 1631 2064 ad

246 2097 494 2142 Semproniam
513 2096 658 2140 referre,
671 2095 754 2140 quia
775 2095 1045 2140 grammaticum
1054 2092 1249 2128 subiectum
1265 2101 1309 2124 ea
1320 2099 1407 2124 voce
1425 2088 1631 2128 continetur,

247 2167 319 2200 quo
342 2155 389 2190 ad
410 2154 619 2190 facilitatem
649 2152 816 2188 orationis
850 2162 960 2196 aegre
982 2161 1154 2185 caremus.
1207 2148 1250 2183 Si
1271 2158 1356 2181 vero
1380 2146 1454 2189 fuit
1476 2143 1632 2179 additum

248 2217 358 2256 esset,
386 2223 456 2247 non
478 2223 731 2257 repugnarem,
754 2211 785 2245 si
814 2208 893 2253 quis
915 2210 1067 2246 lubidine
1098 2208 1243 2242 accensa
1271 2203 1483 2248 coniungere
1510 2201 1630 2242 vellet,

249 2271 415 2316 quoniam
438 2274 514 2305 tum
537 2269 732 2304 subiectum
754 2268 856 2302 verbo
881 2267 1152 2312 significaretur.

342 2331 374 2373 §-
399 2327 434 2363 4.
479 2327 660 2372 ingenium
693 2327 766 2359 eius
804 2325 903 2359 haud
933 2321 1144 2367 absurdum]
1182 2321 1288 2356 Hunc
1319 2319 1438 2354 locum
1453 2312 1634 2351 saciavit

248 2386 360 2421 Mich.
384 2384 627 2429 Heusingerus
655 2383 700 2416 ad
723 2381 894 2416 Vechneri
916 2382 1092 2418 Hellenol.
1111 2391 1146 2424 p.
1166 2377 1328 2419 3034„
1360 2375 1413 2410 itu
1433 2378 1572 2413 nmen,
1592 2373 1633 2419 ¹3¹5

250 2448 463 2478 structuram
483 2442 587 2486 plane
608 2443 833 2484 perverteret.
857 2438 1033 2473 Semicolo
1056 2437 1151 2472 euim
1171 2438 1249 2480 poet
1271 2432 1456 2469 abundum
1478 2429 1515 2463 in
1535 2439 1634 2463 com-

253 2512 314 2535 ma
336 2504 492 2542 mutato,
525 2497 738 2532 infinitivum
766 2507 865 2540 posse
888 2502 1011 2540 aptum
1041 2506 1115 2530 esse
1138 2494 1215 2527 vult
1237 2492 1283 2526 ab
1315 2500 1403 2523 voce
1425 2486 1632 2527 abeurdm3

252 2569 342 2602 quae
371 2562 490 2592 autem
526 2554 631 2590 affert
659 2555 705 2588 ad
727 2553 832 2587 istam
856 2553 1143 2595 constructionum»
1175 2547 1427 2584 defendendam
1459 2543 1632 2586 exemplu,

251 2616 383 2661 pariter
420 2613 547 2648 vitiosa
578 2610 853 2656 interpunctione
882 2611 1020 2652 affecit,
1056 2607 1105 2643 sic
1137 2605 1350 2642 emendanda
1384 2601 1500 2640 Tacit.
1541 2600 1630 2635 Anu.

253 2673 350 2714 xm,
368 2669 426 2715 45,
440 2670 531 2705 med.
564 2671 682 2705 Sermo
706 2669 876 2714 (Sabinae
901 2669 1103 2714 Poppaeae)
1129 2664 1255 2708 comis,
1277 2673 1342 2697 nec
1370 2659 1557 2696 absurdum
1578 2657 1634 2692 in·-
