1754 2964
208 161 265 202 48
326 207 329 210 p
562 159 609 202 C.
648 159 994 204 SALLUSTI
1024 161 1249 206 CRISPI

163 286 191 326 3
210 273 398 319 Duabus
431 274 502 319 his
536 275 728 335 artibus,
763 276 953 322 audacia
983 277 1031 322 in
1065 278 1212 335 bello,
1246 279 1325 325 ubi
1355 294 1448 342 pax
1484 297 1596 330 eve-

208 371 336 411 nerat
386 367 610 426 aequitate
660 383 799 427 seque
848 383 1035 428 remque
1084 370 1316 429 publicam
1363 375 1595 420 curabant.

158 470 188 512 4
209 455 415 515 Quarum
468 475 619 505 rerum
663 475 754 520 ego
796 475 1004 505 maxuma
1040 461 1313 508 documenta
1354 463 1474 512 haee
1506 466 1596 512 ha-

207 552 322 609 beo,
377 544 504 611 quod
536 553 582 596 in
615 553 739 597 bello
790 552 966 613 saepius
998 553 1271 599 vindicatum
1315 562 1382 601 est
1421 557 1469 602 in
1503 573 1595 616 eos,

206 663 300 698 ratio
323 666 443 698 autem
466 675 575 708 quum
599 674 623 698 a
643 663 753 699 verbo
775 663 946 708 pendeat,
970 662 1149 708 sequitur,
1180 667 1221 700 ut
1243 664 1372 710 duplex
1401 667 1467 703 illa
1489 679 1596 705 accu-

205 721 314 755 sativi
335 725 372 756 et
393 721 540 756 ablativi
562 722 773 757 constructio
794 725 871 758 tum
893 726 1030 758 tantum
1051 721 1176 765 liceat,
1206 723 1271 758 ubi
1291 725 1439 760 verbum
1461 726 1596 772 duplici

207 779 313 814 modo
336 779 447 823 possit
469 779 633 825 cogitari.
688 781 769 816 Hoc
792 784 911 816 autem
934 781 995 823 fit,
1029 779 1091 814 ubi
1113 780 1256 814 verbum
1276 779 1333 816 ita
1353 789 1595 829 comparatum

206 840 279 879 est,
309 841 348 871 ut
379 842 415 873 et
444 849 520 882 per·
540 839 579 872 in
609 838 901 883 praepositionem
935 837 1135 873 acassativo
1166 838 1325 877 iunctam
1353 853 1435 877 cum
1456 843 1594 879 obiecto

206 894 328 938 aliquo
351 898 448 930 arcte
470 896 664 938 coalescat,
697 907 788 940 quae
811 895 970 941 vulgaris
994 900 1047 931 est
1068 895 1183 939 ratio,
1207 901 1244 932 et
1265 898 1422 934 absolute
1442 899 1595 946 eogitari

206 953 337 998 possit,
367 953 420 988 ita
441 957 480 987 ut
503 952 576 987 vim
598 965 699 987 suum
721 965 790 988 non
811 953 849 988 in
872 954 1048 988 obiectum
1071 958 1231 996 exserat,
1259 955 1319 989 sed
1342 967 1406 1000 per
1424 967 1465 991 se
1486 967 1595 1002 geue·-

207 1011 279 1046 rali
311 1022 414 1045 sensu
436 1010 591 1054 positum
622 1011 741 1046 addito
764 1011 921 1046 ablativo
957 1023 1037 1045 cum
1060 1013 1097 1046 in
1119 1012 1377 1057 praepositione
1397 1015 1595 1050 accuratim

208 1068 413 1110 definiatur,
445 1068 574 1113 quippe
603 1080 673 1113 quo
704 1080 760 1104 res
790 1069 854 1103 illa
887 1069 1124 1114 significetur,
1157 1070 1194 1104 in
1225 1081 1295 1114 qua
1325 1071 1486 1107 absoluta
1516 1072 1594 1114 eius

207 1127 303 1161 actio
327 1131 519 1168 eversatur,
552 1127 611 1160 vel
643 1137 733 1171 quae
763 1127 895 1161 actioni
927 1138 1090 1161 caussam
1123 1131 1185 1161 aut
1217 1127 1391 1173 originem
1415 1129 1591 1174 praebuit.

206 1184 335 1218 Talem
357 1183 457 1216 verbi
478 1195 560 1217 eum
583 1184 739 1218 ablativo
761 1184 934 1224 coniuncti
951 1185 1121 1219 rationem
1142 1185 1174 1219 si
1193 1185 1423 1229 explicaveris
1437 1187 1594 1230 farinula

207 1241 299 1286 quod
323 1241 451 1275 attinet
474 1241 542 1282 ad,
588 1241 727 1286 (germ.
751 1242 788 1276 in
810 1243 966 1285 Heu-eff,
1001 1242 1037 1277 in
1050 1243 1185 1293 ⁸Bezug
1211 1242 1293 1286 anf,
1310 1230 1398 1278 ¹was
1421 1245 1591 1290 anlaugt)

205 1300 283 1334 vim
320 1298 587 1333 constructionis
619 1299 723 1343 plane
754 1299 863 1334 fueris
902 1305 1099 1343 assecutus,
1134 1300 1341 1344 nullumque
1370 1301 1490 1336 locum
1521 1313 1592 1337 non

205 1357 380 1402 expedies.
437 1356 499 1390 Sic
533 1360 652 1391 nostro
683 1358 763 1391 loco
784 1358 912 1401 fideles
945 1363 1047 1392 eraut
1080 1359 1119 1392 in
1154 1358 1277 1392 amicis
1306 1358 1508 1402 neutiquam
1538 1358 1593 1394 ita

205 1416 402 1460 cogitatur,
435 1417 475 1448 ut
497 1414 591 1449 idem
616 1414 662 1449 sit
684 1419 789 1459 atque
820 1415 858 1448 in
881 1415 1027 1457 amicos,
1060 1414 1121 1448 sed
1143 1415 1258 1459 primo
1280 1415 1439 1450 absolute
1458 1415 1592 1450 intelli-
1611 1412 1618 1417 ”

204 1474 303 1518 gitur
333 1473 452 1512 fideles
482 1477 603 1514 erant,
637 1471 694 1506 cui
729 1469 862 1506 notioni
892 1472 1088 1506 accuratius
1121 1472 1336 1507 definiendae
1357 1472 1522 1508 adiicitur
1551 1473 1591 1508 in

205 1532 338 1572 amicis,
362 1531 399 1565 h.
423 1542 454 1565 e.
477 1530 570 1574 quod
592 1529 718 1564 attinet
741 1529 786 1563 ad
808 1528 965 1571 amicos,
988 1530 1064 1564 sive
1087 1534 1245 1574 respectu
1267 1530 1473 1565 amicorum.
1517 1531 1590 1575 Ap-

203 1593 303 1635 paret
335 1588 465 1633 igitur,
499 1588 573 1622 sive
595 1587 814 1622 accusativus
835 1591 1006 1631 ponatur,
1037 1587 1112 1622 sive
1142 1587 1342 1632 ablativus,
1374 1599 1452 1623 rem
1473 1587 1590 1632 ipsam

203 1647 347 1692 quidem
378 1657 448 1679 non
481 1645 633 1686 mutari,
665 1645 726 1678 sed
758 1644 831 1679 alia
871 1648 1007 1679 tantum
1038 1645 1251 1690 cogitatione
1280 1649 1398 1679 mente
1439 1644 1589 1689 concipi.

203 1705 320 1740 Simul
342 1702 574 1747 perspicitur,
597 1713 811 1747 quamquam
833 1706 1020 1746 utrumque
1042 1703 1192 1748 probum
1215 1701 1282 1746 sit,
1306 1703 1440 1736 saevire
1462 1703 1500 1736 iu
1521 1702 1590 1736 alt-

202 1773 324 1807 quem,
349 1764 384 1794 et
405 1762 541 1796 saevire
563 1762 600 1794 in
624 1761 759 1804 aliquo,
783 1763 902 1794 tamen
924 1764 1130 1804 propterea,
1154 1764 1194 1794 ut
1215 1760 1285 1795 hoc
1307 1764 1406 1801 utar,
1428 1771 1497 1803 non
1519 1758 1590 1794 dici

202 1831 304 1866 posse
330 1819 502 1863 proficisci
529 1818 567 1850 in
594 1817 780 1852 Graeciam
811 1820 846 1850 et
875 1817 914 1850 in
940 1818 1108 1858 Graecia,
1143 1816 1227 1862 quia
1248 1817 1422 1862 posterius
1441 1818 1589 1851 verbum

201 1889 271 1913 non
295 1875 446 1922 cogitari
476 1878 606 1920 potest,
639 1874 710 1908 nisi
731 1873 802 1916 ita,
833 1878 873 1909 ut
894 1873 1120 1909 intentionem
1150 1874 1188 1908 in
1210 1874 1281 1918 alq.
1303 1885 1380 1908 rem
1402 1872 1588 1919 significet,

203 1935 295 1981 quod
317 1945 416 1968 secus
438 1927 490 1967 est
512 1932 547 1966 iu
571 1931 700 1976 priore.
857 1940 863 1949 ·

294 1995 326 2036 §.
349 1991 385 2026 4.
431 1991 469 2025 in
491 1990 598 2034 bello]
634 1989 734 2024 Haec
755 1988 866 2022 verba
888 1988 1028 2023 Cortius
1063 1988 1162 2023 vanis
1188 1986 1444 2033 suspicionibus
1466 1988 1590 2024 ductus

201 2051 318 2094 eiecit,
340 2061 385 2084 ne
406 2060 477 2083 uno
500 2045 645 2092 quidem
665 2045 785 2080 codice
806 2045 1024 2091 suffragante
1047 2049 1081 2080 et
1102 2046 1206 2090 plane
1228 2050 1350 2081 contra
1370 2044 1588 2087 sententiam,

201 2111 286 2156 quia
306 2109 402 2144 iufra
424 2106 613 2152 opponitur
644 2105 682 2144 in
701 2115 789 2149 pace
812 2114 904 2141 vero.
924 2122 973 2128 —
1014 2103 1144 2138 Statim
1179 2107 1258 2148 post
1280 2102 1400 2138 Cortio
1429 2101 1591 2154 obsecuti

201 2179 346 2209 sumus,
383 2166 469 2200 bello
498 2163 720 2204 scribentes,
742 2172 809 2206 pro
842 2162 995 2206 proelio,
1029 2162 1122 2206 quod
1154 2161 1312 2206 plerique
1345 2160 1422 2194 edd.
1457 2163 1587 2195 tenent.

202 2227 337 2260 Proelia
360 2222 455 2258 enim
485 2223 643 2267 glossam
673 2230 748 2254 esse
784 2219 882 2253 clare
912 2218 1121 2264 perspicitur
1142 2231 1185 2253 ex
1217 2219 1306 2253 Tur.
1331 2217 1367 2252 Ζ.
1399 2216 1461 2261 qui
1479 2217 1588 2252 habet
1640 2214 1643 2217 ’

199 2285 286 2317 bello
306 2282 438 2327 proelio
462 2291 534 2314 exc.
589 2279 783 2321 Receptam
805 2272 1016 2320 scripturam
1049 2276 1217 2311 tredecim
1247 2287 1303 2320 ap.
1334 2275 1430 2309 Gerl.
1453 2274 1588 2308 codices

199 2341 383 2383 exhibent,
417 2349 507 2372 unus
537 2348 578 2370 ex
613 2336 721 2375 belle„-
743 2332 867 2367 relicui
898 2344 962 2377 pro
993 2339 1098 2379 captu
1130 2333 1326 2369 scribarum
1358 2332 1421 2371 vel
1443 2332 1587 2376 proelio,

198 2399 255 2432 ve}
289 2410 333 2439 a,
367 2409 406 2438 e,
438 2408 479 2430 ω,-
506 2393 651 2439 proelio.
715 2392 853 2424 Bellum
883 2391 991 2425 etiam
1017 2393 1186 2436 proelium
1217 2390 1415 2436 significare
1445 2388 1588 2428 Cottius

199 2456 348 2490 ostendit
380 2454 524 2488 laudato
548 2449 675 2485 Servio
709 2448 755 2482 ad
786 2448 886 2493 Virg-
919 2449 1005 2483 Aen.
1035 2450 1126 2490 vm,
1155 2448 1237 2483 541.
1268 2451 1303 2482 et
1333 2447 1508 2481 stewech.
1540 2447 1588 2482 ad

198 2515 320 2557 Veget.
346 2512 388 2545 11.
418 2510 476 2544 13.
518 2508 616 2542 Adde
645 2506 821 2540 Drakeub.
854 2506 899 2540 ad
922 2506 999 2540 Liv.
1023 2506 1093 2547 111,
1122 2506 1187 2548 61,
1217 2505 1251 2540 2.
1285 2503 1507 2550 Oudendorp.
1540 2505 1586 2539 ad

200 2571 302 2604 Caes.
327 2569 368 2602 Β.
390 2567 434 2600 G.
447 2568 472 2609 Ι,
483 2566 518 2609 1,
531 2564 565 2598 4.
593 2564 737 2597 Gesner.
765 2561 876 2596 Thes.
898 2563 939 2598 L.
951 2564 992 2598 L.
1009 2574 1043 2608 p,
1058 2562 1140 2597 598.
1165 2562 1252 2596 Tac.
1271 2564 1360 2596 Anu.
1378 2562 1407 2604 1,
1420 2561 1480 2605 45,
1499 2566 1586 2598 extr.

198 2627 276 2661 Vox
307 2625 431 2659 bellum
474 2628 526 2657 ter
557 2621 671 2665 posita
711 2619 888 2663 aliquam,
921 2620 1055 2661 fateor,
1089 2619 1318 2655 offensionem
1359 2621 1488 2663 habet3
1525 2621 1586 2656 sed

198 2685 305 2721 talem
339 2681 494 2717 eiusdem
523 2677 692 2715 vocabuli
719 2676 960 2723 repetitionem
994 2676 1170 2714 interdum
1203 2676 1273 2713 sibi
1309 2678 1494 2716 indulsisse
1523 2690 1585 2715 ve-
