1754 2964
220 155 252 187 x*
645 146 1211 192 PRAEFATI‘Q·

218 261 434 322 tationes,
488 277 602 322 quas
644 263 838 309 libenter
893 265 1210 325 emisissemus,
1254 281 1406 326 qum
1424 284 1426 286 ·
1443 266 1621 314 ada-fis

216 343 471 402 pertineant
516 356 701 404 parum-
726 346 966 402 obscuras,
993 351 1056 390 ‘et
1097 347 1143 391 in
1183 348 1348 406 quibus
1379 348 1619 394 neminem

215 422 423 468 haerere·
455 424 549 468 vel-
571 439 721 470 errare
755 440 891 484 posse
935 428 1145 486 pntares3
1183 428 1270 472 sed
1303 439 1446 487 quum
1468 430 1619 484 >defin

198 503 287 548 ‘his
329 505 571 550 levioribus
616 506 804 565 quidem
851 521 928 550 eas
960 507 1208 566 editiones,
1253 525 1372 569 quae
1415 510 1617 555 omnium

214 585 421 630 manibus
442 593 658 643 teruntur,
677 587 881 648 peccatis
898 586 1121 635 immunes
1133 589 1353 647 viderem,
1368 604 1460 635 non
1477 590 1618 651 prae-

215 666 486 710 tereundum
521 668 692 726 putavi,
714 658 822 726 quin
858 649 979 711 talia'
997 670 1188 729 ¹*quoque
1206 678 1441 718 notarem.
1476 668 1619 716 Ceto-3

214 761 316 790 rum
340 747 604 806 neutiquam
626 749 669 793 *is
701 764 815 805 sum,
841 749 920 807 qui
940 749 1137 795 aliorum
1170 752 1344 796 errores
1373 749 1620 812 exagitem,

214 826 332 871 bene
366 828 548 874 inventa
580 844 701 875 vero*
733 831 932 889 sciteque
962 832 1202 876 observata
1235 844 1454 892 spernam*
1479 830 1618 890 atque

214 907 465 968 negligam.
554 911 718 969 Neque
764 912 884 956 enim
931 926 1090 956 eornm
1134 927 1236 956 mos
1288 911 1404 956 mihi
1437 910 1617 972 placet,

213 989 293 1046 qni
336 989 382 1032 in
429 990 629 1035 edendis
660 993 955 1052 scriptoribus
999 993 1050 1037 id
1095 993 1414 1037 studiosissime
1457 998 1614 1052 agunt,

212 1075 286 1113 uta.
310 1069 511 1115 inaudita
559 1079 609 1116 et
653 1073 887 1134 incognita
928 1074 1188 1133 proferant,
1234 1073 1310 1118 vel
1356 1072 1615 1118 eruditionis

213 1151 507 1196 ostentandae
553 1168 731 1209 caussa,
787 1154 861 1199 vel
905 1159 955 1199 ut
1000 1153 1216 1200 acuminis
1258 1153 1430 1213 ingenii
1470 1142 1614 1197 fidem

212 1233 322 1277 aliis*
356 1233 545 1290 faciant,
606 1233 770 1292 parum
823 1234 995 1279 scilicet
1046 1235 1252 1280 curantes
1299 1241 1451 1277 utrum
1503 1248 1613 1277 vera

211 1315 299 1358 sint
328 1329 450 1372 quae
485 1314 704 1369 doceant,
740 1330 908 1371 necne,
942 1315 977 1360 si
1013 1314 1156 1359 modo
1190 1329 1309 1358 nova
1343 1313 1613 1358 habeantnra

211 1394 335 1449 Quin
368 1396 522 1454 potius
554 1395 621 1438 ita
655 1409 848 1452 censeo,
895 1410 1038 1454 quum
1077 1395 1296 1453 cuiusque
1338 1393 1524 1438 editoris
1557 1393 1621 1437 sit·

210 1476 420 1534 scriptori
456 1477 520 1520 ita
554 1477 805 1532 consulere,
841 1482 890 1522 ut
922 1477 975 1520 iis
1010 1476 1090 1535 qui
1108 1477 1269 1536 legant
1302 1474 1447 1519 multa
1477 1479 1611 1517 antea

207 1557 382 1602 incerta
415 1571 506 1600 non
554 1557 752 1617 amplius
793 1557 935 1602 dubia
966 1558 1076 1615 sint,
1123 1555 1399 1614 omninoque
1431 1554 1611 1598 facilior

208 1637 270 1681 ad
311 1638 597 1683 intellectum
640 1638 788 1682 aditus
828 1643 1007 1697 pateat,
1048 1651 1228 1682 summa
1269 1650 1382 1682 cura
1426 1650 1547 1694 quae
1581 1650 1610 1679 a

206 1719 436 1779 prioribus
480 1726 604 1766 recte
617 1739 632 1759 ·.
651 1719 891 1767 constituta
945 1718 1041 1763 sint·
1081 1717 1436 1778 explorandum⁴
1465 1717 1611 1775 iisque

206 1800 270 1845 ita
305 1799 525 1845 utendum
561 1817 671 1858 esse,
707 1805 758 1846 nt
790 1799 986 1844 lectores
1022 1799 1080 1843 ab
1116 1798 1215 1843 aliis
1249 1797 1418 1843 utiliter
1450 1798 1609 1843 iuven-¹

206 1881 263 1927 tis
299 1882 545 1928 commode
586 1880 677 1927 frui
720 1882 906 1943 possint.
975 1879 1290 1935 Quamobrem
1323 1891 1467 1936 quum
1498 1877 1612 1938 plu*

207 1951 323 2009 rima
357 1979 386 2008 a
421 1962 608 2020 Cottio,
642 1978 793 2024 pauca
826 1962 964 2007 etiam'
997 1961 1057 2005 ab
1091 1959 1189 2004 aliis
1225 1964 1437 2003 annotata
1468 1957 1610 2004 vidis*

207 2060 318 2101 sem,
353 2060 473 2104 quae
494 2043 555 2089 ad
576 2044 778 2089 Sallustii
808 2041 1030 2102 loquendi
1056 2039 1445 2096 consuetudinem,
1479 2037 1609 2099 haud

208 2141 312 2170 raro
380 2126 658 2186 singularem
714 2132 760 2172 et
814 2140 843 2177 a
894 2122 1074 2183 vulgari
1135 2134 1223 2167 usu
1283 2119 1608 2177 discedentem,

206 2207 519 2252 illustrandam
551 2208 855 2266 pertinerent,
889 2202 1154 2250 faciendum
1185 2201 1371 2263 putavi,
1404 2207 1456 2246 ut
1487 2205 1607 2262 quae

208 2304 264 2352 ex
309 2288 381 2332 his
415 2303 520 2334 cum
567 2287 720 2333 fructu
762 2288 824 2331 ab
860 2283 1222 2331 adolescentibus
1264 2281 1479 2343 cognosci
1513 2295 1605 2340 pua

206 2374 350 2412 tarem
364 2400 377 2423 ‚
421 2369 498 2412 vel
534 2383 693 2414 eorum
726 2368 917 2412 Latinae
951 2367 1137 2426 linguae
1169 2363 1399 2408 scientiam
1417 2357 1605 2421 [augere

207 2455 408 2508 possent,
444 2464 499 2493 ea
533 2448 787 2507 reciperem
823 2454 868 2492 et
902 2448 949 2491 in
984 2461 1086 2491 usus
1120 2459 1246 2492 meos
1278 2446 1602 2487 converterem

209 2530 337 2574 Raro
370 2536 524 2574 tamen
558 2530 755 2590 integras
785 2527 930 2572 Cottii
953 2533 1081 2572 notas
1114 2522 1314 2577 exhibui,
1349 2535 1490 2579 quum
1523 2519 1603 2564 ille

210 2611 483 2672 plerumque
525 2610 633 2654 talia
676 2607 1005 2662 admiscuisset,
1051 2620 1172 2666 quae
1210 2619 1239 2647 a
1282 2607 1435 2645 nostro
1474 2599 1602 2644 insti-

211 2698 309 2738 tuto
345 2691 491 2736 aliena
526 2695 696 2743 essent3
733 2687 808 2733 his
851 2687 991 2748 igitur
1024 2684 1196 2731 omissis
1229 2696 1321 2728 non
1354 2685 1472 2740 puto
1501 2678 1605 2726 fore
