<?xml version="1.0" encoding="UTF-8"?>
<!DOCTYPE html PUBLIC "-//W3C//DTD XHTML 1.0 Transitional//EN"
    "http://www.w3.org/TR/xhtml1/DTD/xhtml1-transitional.dtd">
<html xmlns="http://www.w3.org/1999/xhtml" xml:lang="en" lang="en">
 <head>
  <title>
</title>
<meta http-equiv="Content-Type" content="text/html;charset=utf-8" />
  <meta name='ocr-system' content='tesseract 3.04.00' />
  <meta name='ocr-capabilities' content='ocr_page ocr_carea ocr_par ocr_line ocrx_word'/>
</head>
<body>
  <div class='ocr_page' id='page_1' title='image "./lettereedorazion01morouoft/lettereedorazion01morouoft_0182.png"; bbox 0 0 1754 2964; ppageno 0'>
   <div class='ocr_carea' id='block_1_1' title="bbox 245 149 1307 206">
    <p class='ocr_par' dir='ltr' id='par_1_1' title="bbox 245 149 1307 206">
     <span class='ocr_line' id='line_1_1' title="bbox 245 149 1307 206; baseline 0.002 -2"><span class='ocrx_word' id='word_1_1' title='bbox 245 162 330 206; x_wconf 69' lang='lat'><strong>151)</strong></span> <span class='ocrx_word' id='word_1_2' title='bbox 607 160 654 204; x_wconf 87' lang='lat' dir='ltr'><strong>c.</strong></span> <span class='ocrx_word' id='word_1_3' title='bbox 684 149 1021 204; x_wconf 72' lang='lat' dir='ltr'>SA&#39;LLUS&#39;T1</span> <span class='ocrx_word' id='word_1_4' title='bbox 1061 151 1307 206; x_wconf 69' lang='lat' dir='ltr'><strong>c&#39;ms‘pr&#39;</strong></span> 
     </span>
    </p>
   </div>
   <div class='ocr_carea' id='block_1_2' title="bbox 243 264 1637 526">
    <p class='ocr_par' dir='ltr' id='par_1_2' title="bbox 243 264 1637 526">
     <span class='ocr_line' id='line_1_2' title="bbox 244 264 1634 342; baseline 0.004 -19"><span class='ocrx_word' id='word_1_5' title='bbox 244 278 314 323; x_wconf 88' lang='lat' dir='ltr'><strong>lbi</strong></span> <span class='ocrx_word' id='word_1_6' title='bbox 348 276 492 323; x_wconf 83' lang='lat' dir='ltr'><strong>multa</strong></span> <span class='ocrx_word' id='word_1_7' title='bbox 526 278 681 325; x_wconf 77' lang='lat' dir='ltr'><strong>seeum</strong></span> <span class='ocrx_word' id='word_1_8' title='bbox 715 278 817 339; x_wconf 83' lang='lat' dir='ltr'><strong>ipse</strong></span> <span class='ocrx_word' id='word_1_9' title='bbox 850 264 1057 336; x_wconf 80' lang='lat' dir='ltr'><strong>volvens,</strong></span> <span class='ocrx_word' id='word_1_10' title='bbox 1105 280 1231 338; x_wconf 88' lang='lat' dir='ltr'><strong>quod</strong></span> <span class='ocrx_word' id='word_1_11' title='bbox 1265 296 1414 342; x_wconf 88' lang='lat' dir='ltr'><strong>neque</strong></span> <span class='ocrx_word' id='word_1_12' title='bbox 1447 282 1634 341; x_wconf 74' lang='lat' dir='ltr'>insidiae</span> 
     </span>
     <span class='ocr_line' id='line_1_3' title="bbox 243 352 1637 436; baseline 0.003 -21"><span class='ocrx_word' id='word_1_13' title='bbox 243 352 431 416; x_wconf 79' lang='lat' dir='ltr'><strong>consuli</strong></span> <span class='ocrx_word' id='word_1_14' title='bbox 478 369 816 432; x_wconf 74' lang='lat' dir='ltr'><strong>procedebant,</strong></span> <span class='ocrx_word' id='word_1_15' title='bbox 867 375 913 416; x_wconf 86' lang='lat' dir='ltr'><strong>et</strong></span> <span class='ocrx_word' id='word_1_16' title='bbox 958 370 1017 415; x_wconf 86' lang='lat' dir='ltr'><strong>ab</strong></span> <span class='ocrx_word' id='word_1_17' title='bbox 1071 371 1280 418; x_wconf 88' lang='lat' dir='ltr'><strong>incendio</strong></span> <span class='ocrx_word' id='word_1_18' title='bbox 1340 374 1637 436; x_wconf 74' lang='lat' dir='ltr'><strong>intellegebat</strong></span> 
     </span>
     <span class='ocr_line' id='line_1_4' title="bbox 244 444 1636 526; baseline 0.004 -19"><span class='ocrx_word' id='word_1_19' title='bbox 244 444 406 508; x_wconf 88' lang='lat' dir='ltr'><strong>urbem</strong></span> <span class='ocrx_word' id='word_1_20' title='bbox 448 463 615 526; x_wconf 82' lang='lat' dir='ltr'><strong>vigiliis</strong></span> <span class='ocrx_word' id='word_1_21' title='bbox 658 463 901 518; x_wconf 82' lang='lat' dir='ltr'><strong>munitam,</strong></span> <span class='ocrx_word' id='word_1_22' title='bbox 948 467 1186 522; x_wconf 85' lang='lat' dir='ltr'><strong>optumum</strong></span> <span class='ocrx_word' id='word_1_23' title='bbox 1231 465 1402 512; x_wconf 81' lang='lat' dir='ltr'><strong>factum</strong></span> <span class='ocrx_word' id='word_1_24' title='bbox 1449 467 1636 513; x_wconf 84' lang='lat' dir='ltr'><strong>eredens</strong></span> 
     </span>
    </p>
   </div>
   <div class='ocr_carea' id='block_1_3' title="bbox 244 554 1637 619">
    <p class='ocr_par' dir='ltr' id='par_1_3' title="bbox 244 554 1637 619">
     <span class='ocr_line' id='line_1_5' title="bbox 244 554 1637 619; baseline 0.001 -18"><span class='ocrx_word' id='word_1_25' title='bbox 244 554 487 602; x_wconf 80' lang='lat' dir='ltr'><strong>exercitum</strong></span> <span class='ocrx_word' id='word_1_26' title='bbox 531 570 726 616; x_wconf 83' lang='lat' dir='ltr'><strong>augere,</strong></span> <span class='ocrx_word' id='word_1_27' title='bbox 772 568 828 601; x_wconf 87' lang='lat' dir='ltr'><strong>ac</strong></span> <span class='ocrx_word' id='word_1_28' title='bbox 870 554 994 615; x_wconf 79' lang='lat' dir='ltr'><strong>prius</strong></span> <span class='ocrx_word' id='word_1_29' title='bbox 1039 570 1175 616; x_wconf 84' lang='lat' dir='ltr'><strong>quam</strong></span> <span class='ocrx_word' id='word_1_30' title='bbox 1218 558 1423 619; x_wconf 83' lang='lat' dir='ltr'><strong>legiones</strong></span> <span class='ocrx_word' id='word_1_31' title='bbox 1464 558 1637 604; x_wconf 77' lang='lat' dir='ltr'><strong>seribe-</strong></span> 
     </span>
    </p>
   </div>
   <div class='ocr_carea' id='block_1_4' title="bbox 215 721 1644 2737">
    <p class='ocr_par' dir='ltr' id='par_1_4' title="bbox 215 721 1638 1280">
     <span class='ocr_line' id='line_1_6' title="bbox 243 721 1637 765; baseline 0.002 -8"><span class='ocrx_word' id='word_1_32' title='bbox 243 733 334 765; x_wconf 87' lang='lat' dir='ltr'><strong>mus,</strong></span> <span class='ocrx_word' id='word_1_33' title='bbox 350 734 393 758; x_wconf 92' lang='lat' dir='ltr'><strong>eo</strong></span> <span class='ocrx_word' id='word_1_34' title='bbox 415 726 554 759; x_wconf 88' lang='lat' dir='ltr'><strong>tantum</strong></span> <span class='ocrx_word' id='word_1_35' title='bbox 577 721 790 765; x_wconf 73' lang='lat' dir='ltr'><strong>discrimine,</strong></span> <span class='ocrx_word' id='word_1_36' title='bbox 807 724 848 757; x_wconf 88' lang='lat' dir='ltr'><strong>ut</strong></span> <span class='ocrx_word' id='word_1_37' title='bbox 868 722 938 756; x_wconf 88' lang='lat' dir='ltr'><strong>hoo</strong></span> <span class='ocrx_word' id='word_1_38' title='bbox 961 721 999 757; x_wconf 90' lang='lat' dir='ltr'><strong>in</strong></span> <span class='ocrx_word' id='word_1_39' title='bbox 1022 725 1255 759; x_wconf 82' lang='lat' dir='ltr'><strong>enumerando</strong></span> <span class='ocrx_word' id='word_1_40' title='bbox 1275 725 1391 761; x_wconf 81' lang='lat' dir='ltr'><strong>solum</strong></span> <span class='ocrx_word' id='word_1_41' title='bbox 1415 727 1637 762; x_wconf 77' lang='lat' dir='ltr'><strong>obtineat.—</strong></span> 
     </span>
     <span class='ocr_line' id='line_1_7' title="bbox 245 775 1637 828; baseline 0.003 -14"><span class='ocrx_word' id='word_1_42' title='bbox 245 783 367 815; x_wconf 81' lang='lat' dir='ltr'><strong>Seoum</strong></span> <span class='ocrx_word' id='word_1_43' title='bbox 391 782 464 827; x_wconf 78' lang='lat' dir='ltr'><strong>ipse</strong></span> <span class='ocrx_word' id='word_1_44' title='bbox 490 781 702 816; x_wconf 81' lang='lat' dir='ltr'><strong>Gerlachius</strong></span> <span class='ocrx_word' id='word_1_45' title='bbox 725 780 787 814; x_wconf 88' lang='lat' dir='ltr'><strong>hic</strong></span> <span class='ocrx_word' id='word_1_46' title='bbox 810 783 845 814; x_wconf 91' lang='lat' dir='ltr'><strong>et</strong></span> <span class='ocrx_word' id='word_1_47' title='bbox 867 791 898 817; x_wconf 76' lang='lat' dir='ltr'><strong>c,</strong></span> <span class='ocrx_word' id='word_1_48' title='bbox 918 781 991 824; x_wconf 79' lang='lat' dir='ltr'><strong>Lu,</strong></span> <span class='ocrx_word' id='word_1_49' title='bbox 1013 781 1046 818; x_wconf 82' lang='lat'><strong>3.</strong></span> <span class='ocrx_word' id='word_1_50' title='bbox 1071 782 1225 817; x_wconf 79' lang='lat' dir='ltr'><strong>mutavit</strong></span> <span class='ocrx_word' id='word_1_51' title='bbox 1245 783 1283 817; x_wconf 89' lang='lat' dir='ltr'><strong>in</strong></span> <span class='ocrx_word' id='word_1_52' title='bbox 1305 775 1379 828; x_wconf 75' lang='lat' dir='ltr'><strong>ipse</strong></span> <span class='ocrx_word' id='word_1_53' title='bbox 1400 795 1526 825; x_wconf 73' lang='lat' dir='ltr'><strong>secum,</strong></span> <span class='ocrx_word' id='word_1_54' title='bbox 1543 784 1637 828; x_wconf 88' lang='lat' dir='ltr'><strong>quod</strong></span> 
     </span>
     <span class='ocr_line' id='line_1_8' title="bbox 215 837 1638 886; baseline 0.003 -14"><span class='ocrx_word' id='word_1_55' title='bbox 215 845 228 856; x_wconf 84' lang='lat'><strong><em>‘</em></strong></span> <span class='ocrx_word' id='word_1_56' title='bbox 244 839 348 874; x_wconf 81' lang='lat' dir='ltr'><strong>valde</strong></span> <span class='ocrx_word' id='word_1_57' title='bbox 369 839 549 885; x_wconf 76' lang='lat' dir='ltr'><strong>displicet,</strong></span> <span class='ocrx_word' id='word_1_58' title='bbox 583 849 799 884; x_wconf 87' lang='lat' dir='ltr'><strong>quamquam</strong></span> <span class='ocrx_word' id='word_1_59' title='bbox 823 837 956 883; x_wconf 80' lang='lat' dir='ltr'>aliquot</span> <span class='ocrx_word' id='word_1_60' title='bbox 978 839 1077 874; x_wconf 82' lang='lat' dir='ltr'><strong>codd.</strong></span> <span class='ocrx_word' id='word_1_61' title='bbox 1103 840 1154 874; x_wconf 87' lang='lat' dir='ltr'><strong>ita</strong></span> <span class='ocrx_word' id='word_1_62' title='bbox 1178 840 1386 885; x_wconf 76' lang='lat' dir='ltr'><strong>exhibeant,</strong></span> <span class='ocrx_word' id='word_1_63' title='bbox 1410 853 1559 886; x_wconf 79' lang='lat' dir='ltr'><strong>quotum</strong></span> <span class='ocrx_word' id='word_1_64' title='bbox 1582 845 1638 876; x_wconf 85' lang='lat' dir='ltr'><strong>ta-</strong></span> 
     </span>
     <span class='ocr_line' id='line_1_9' title="bbox 245 897 1638 943; baseline 0.003 -13"><span class='ocrx_word' id='word_1_65' title='bbox 245 908 325 932; x_wconf 89' lang='lat' dir='ltr'><strong>men</strong></span> <span class='ocrx_word' id='word_1_66' title='bbox 347 897 408 932; x_wconf 86' lang='lat' dir='ltr'><strong>hic</strong></span> <span class='ocrx_word' id='word_1_67' title='bbox 435 897 567 943; x_wconf 84' lang='lat' dir='ltr'><strong>exigua</strong></span> <span class='ocrx_word' id='word_1_68' title='bbox 590 897 877 938; x_wconf 78' lang='lat' dir='ltr'><strong>anctoritas&#39;est,</strong></span> <span class='ocrx_word' id='word_1_69' title='bbox 911 908 1019 939; x_wconf 84' lang='lat' dir='ltr'><strong>quum</strong></span> <span class='ocrx_word' id='word_1_70' title='bbox 1051 898 1192 943; x_wconf 88' lang='lat' dir='ltr'><strong>omniuo</strong></span> <span class='ocrx_word' id='word_1_71' title='bbox 1223 898 1306 932; x_wconf 89' lang='lat' dir='ltr'><strong>libri</strong></span> <span class='ocrx_word' id='word_1_72' title='bbox 1331 910 1414 936; x_wconf 78' lang='lat' dir='ltr'><strong>mss.</strong></span> <span class='ocrx_word' id='word_1_73' title='bbox 1437 900 1540 934; x_wconf 78' lang='lat' dir='ltr'><strong>valde</strong></span> <span class='ocrx_word' id='word_1_74' title='bbox 1561 899 1638 934; x_wconf 85' lang='lat' dir='ltr'><strong>dis-</strong></span> 
     </span>
     <span class='ocr_line' id='line_1_10' title="bbox 245 953 1638 1000; baseline 0.002 -11"><span class='ocrx_word' id='word_1_75' title='bbox 245 958 399 999; x_wconf 84' lang='lat' dir='ltr'><strong>crepent,</strong></span> <span class='ocrx_word' id='word_1_76' title='bbox 417 955 499 990; x_wconf 90' lang='lat' dir='ltr'><strong>aliis</strong></span> <span class='ocrx_word' id='word_1_77' title='bbox 522 956 595 1000; x_wconf 79' lang='lat' dir='ltr'><strong>ipse</strong></span> <span class='ocrx_word' id='word_1_78' title='bbox 617 953 871 995; x_wconf 74' lang='lat' dir='ltr'><strong>omittentibus,</strong></span> <span class='ocrx_word' id='word_1_79' title='bbox 894 953 975 988; x_wconf 77' lang='lat' dir='ltr'><strong>aliis</strong></span> <span class='ocrx_word' id='word_1_80' title='bbox 997 953 1068 988; x_wconf 88' lang='lat' dir='ltr'><strong>alio</strong></span> <span class='ocrx_word' id='word_1_81' title='bbox 1091 956 1172 990; x_wconf 90' lang='lat' dir='ltr'><strong>loco</strong></span> <span class='ocrx_word' id='word_1_82' title='bbox 1194 958 1464 992; x_wconf 78' lang='lat' dir='ltr'><strong>ostendentibus.</strong></span> <span class='ocrx_word' id='word_1_83' title='bbox 1498 957 1638 992; x_wconf 84' lang='lat' dir='ltr'><strong>Prima-</strong></span> 
     </span>
     <span class='ocr_line' id='line_1_11' title="bbox 243 1011 1638 1061; baseline 0.002 -15"><span class='ocrx_word' id='word_1_84' title='bbox 243 1011 338 1047; x_wconf 84' lang='lat' dir='ltr'><strong>riam</strong></span> <span class='ocrx_word' id='word_1_85' title='bbox 360 1016 480 1048; x_wconf 87' lang='lat' dir='ltr'><strong>autem</strong></span> <span class='ocrx_word' id='word_1_86' title='bbox 502 1013 575 1047; x_wconf 87' lang='lat' dir='ltr'><strong>vim</strong></span> <span class='ocrx_word' id='word_1_87' title='bbox 602 1013 714 1047; x_wconf 83' lang='lat' dir='ltr'><strong>inesse</strong></span> <span class='ocrx_word' id='word_1_88' title='bbox 736 1012 774 1047; x_wconf 89' lang='lat' dir='ltr'><strong>in</strong></span> <span class='ocrx_word' id='word_1_89' title='bbox 796 1022 912 1046; x_wconf 77' lang='lat' dir='ltr'><strong>eccum</strong></span> <span class='ocrx_word' id='word_1_90' title='bbox 933 1022 1021 1046; x_wconf 84' lang='lat' dir='ltr'><strong>voce</strong></span> <span class='ocrx_word' id='word_1_91' title='bbox 1042 1013 1255 1049; x_wconf 79' lang='lat' dir='ltr'><strong>constructio</strong></span> <span class='ocrx_word' id='word_1_92' title='bbox 1276 1015 1390 1060; x_wconf 84' lang='lat' dir='ltr'><strong>docet,</strong></span> <span class='ocrx_word' id='word_1_93' title='bbox 1406 1027 1471 1049; x_wconf 88' lang='lat' dir='ltr'><strong>usu</strong></span> <span class='ocrx_word' id='word_1_94' title='bbox 1494 1015 1638 1061; x_wconf 84' lang='lat' dir='ltr'><strong>loquen-</strong></span> 
     </span>
     <span class='ocr_line' id='line_1_12' title="bbox 245 1069 1638 1118; baseline 0.002 -14"><span class='ocrx_word' id='word_1_95' title='bbox 245 1069 283 1104; x_wconf 90' lang='lat' dir='ltr'><strong>di</strong></span> <span class='ocrx_word' id='word_1_96' title='bbox 305 1070 467 1112; x_wconf 87' lang='lat' dir='ltr'><strong>firmata,</strong></span> <span class='ocrx_word' id='word_1_97' title='bbox 493 1071 540 1106; x_wconf 78' lang='lat' dir='ltr'><strong>cf.</strong></span> <span class='ocrx_word' id='word_1_98' title='bbox 556 1070 636 1117; x_wconf 84' lang='lat' dir='ltr'><strong>lug.</strong></span> <span class='ocrx_word' id='word_1_99' title='bbox 655 1071 715 1113; x_wconf 84' lang='lat' dir='ltr'><strong>vl,</strong></span> <span class='ocrx_word' id='word_1_100' title='bbox 738 1070 774 1105; x_wconf 83' lang='lat'><strong>2.</strong></span> <span class='ocrx_word' id='word_1_101' title='bbox 799 1070 896 1112; x_wconf 86' lang='lat' dir='ltr'><strong>xm,</strong></span> <span class='ocrx_word' id='word_1_102' title='bbox 914 1070 949 1104; x_wconf 85' lang='lat'><strong>5.</strong></span> <span class='ocrx_word' id='word_1_103' title='bbox 975 1070 1096 1114; x_wconf 82' lang='lat' dir='ltr'><strong>cvm,</strong></span> <span class='ocrx_word' id='word_1_104' title='bbox 1113 1072 1170 1114; x_wconf 81' lang='lat'><strong>3,;</strong></span> <span class='ocrx_word' id='word_1_105' title='bbox 1193 1075 1289 1108; x_wconf 81' lang='lat' dir='ltr'><strong>reete</strong></span> <span class='ocrx_word' id='word_1_106' title='bbox 1310 1072 1424 1118; x_wconf 85' lang='lat' dir='ltr'><strong>igitur</strong></span> <span class='ocrx_word' id='word_1_107' title='bbox 1446 1073 1536 1118; x_wconf 74' lang='lat' dir='ltr'><strong>ipse,</strong></span> <span class='ocrx_word' id='word_1_108' title='bbox 1558 1082 1638 1107; x_wconf 88' lang='lat' dir='ltr'><strong>ma-</strong></span> 
     </span>
     <span class='ocr_line' id='line_1_13' title="bbox 243 1128 1638 1175; baseline 0.001 -12"><span class='ocrx_word' id='word_1_109' title='bbox 243 1128 301 1174; x_wconf 81' lang='lat' dir='ltr'><strong>gis</strong></span> <span class='ocrx_word' id='word_1_110' title='bbox 319 1140 362 1163; x_wconf 89' lang='lat' dir='ltr'><strong>ex</strong></span> <span class='ocrx_word' id='word_1_111' title='bbox 381 1128 594 1165; x_wconf 85' lang='lat' dir='ltr'><strong>abundantia</strong></span> <span class='ocrx_word' id='word_1_112' title='bbox 616 1140 724 1173; x_wconf 87' lang='lat' dir='ltr'><strong>quam</strong></span> <span class='ocrx_word' id='word_1_113' title='bbox 746 1129 975 1175; x_wconf 78' lang='lat' dir='ltr'><strong>oppositionis</strong></span> <span class='ocrx_word' id='word_1_114' title='bbox 987 1130 1206 1175; x_wconf 82' lang='lat' dir='ltr'><strong>quaerendae</strong></span> <span class='ocrx_word' id='word_1_115' title='bbox 1221 1141 1345 1166; x_wconf 79' lang='lat' dir='ltr'><strong>caussa</strong></span> <span class='ocrx_word' id='word_1_116' title='bbox 1353 1129 1520 1171; x_wconf 86' lang='lat' dir='ltr'><strong>additum,</strong></span> <span class='ocrx_word' id='word_1_117' title='bbox 1537 1132 1638 1175; x_wconf 78' lang='lat' dir='ltr'><strong>post-</strong></span> 
     </span>
     <span class='ocr_line' id='line_1_14' title="bbox 243 1185 1637 1236; baseline 0.001 -16"><span class='ocrx_word' id='word_1_118' title='bbox 243 1185 396 1230; x_wconf 71' lang='lat' dir='ltr'><strong>ponitm.</strong></span> <span class='ocrx_word' id='word_1_119' title='bbox 432 1186 731 1232; x_wconf 79' lang='lat' dir='ltr'><strong>cr.1ug.cX111,</strong></span> <span class='ocrx_word' id='word_1_120' title='bbox 747 1187 782 1222; x_wconf 91' lang='lat'><strong>1.</strong></span> <span class='ocrx_word' id='word_1_121' title='bbox 815 1189 916 1224; x_wconf 81' lang='lat' dir='ltr'><strong>Haec</strong></span> <span class='ocrx_word' id='word_1_122' title='bbox 931 1189 1080 1225; x_wconf 74' lang='lat' dir='ltr'><strong>Maurus</strong></span> <span class='ocrx_word' id='word_1_123' title='bbox 1096 1200 1210 1224; x_wconf 77' lang='lat' dir='ltr'><strong>secum</strong></span> <span class='ocrx_word' id='word_1_124' title='bbox 1229 1189 1305 1236; x_wconf 77' lang='lat' dir='ltr'><strong>ipse</strong></span> <span class='ocrx_word' id='word_1_125' title='bbox 1324 1189 1387 1225; x_wconf 76' lang='lat' dir='ltr'><strong>diu</strong></span> <span class='ocrx_word' id='word_1_126' title='bbox 1403 1188 1556 1232; x_wconf 77' lang='lat' dir='ltr'><strong>volvem,</strong></span> <span class='ocrx_word' id='word_1_127' title='bbox 1572 1186 1637 1222; x_wconf 84' lang='lat' dir='ltr'><strong>ubi</strong></span> 
     </span>
     <span class='ocr_line' id='line_1_15' title="bbox 246 1243 650 1281; baseline 0.008 -4"><span class='ocrx_word' id='word_1_128' title='bbox 246 1243 343 1278; x_wconf 86' lang='lat' dir='ltr'><strong>Gerl.</strong></span> <span class='ocrx_word' id='word_1_129' title='bbox 367 1244 459 1279; x_wconf 87' lang='lat' dir='ltr'><strong>nihil</strong></span> <span class='ocrx_word' id='word_1_130' title='bbox 487 1244 650 1281; x_wconf 86' lang='lat' dir='ltr'><strong>mutavit.</strong></span> 
     </span>
    </p>

    <p class='ocr_par' dir='ltr' id='par_1_5' title="bbox 245 1300 1644 2737">
     <span class='ocr_line' id='line_1_16' title="bbox 337 1300 1639 1349; baseline 0.001 -14"><span class='ocrx_word' id='word_1_131' title='bbox 337 1301 431 1346; x_wconf 79' lang='lat' dir='ltr'><strong>quod</strong></span> <span class='ocrx_word' id='word_1_132' title='bbox 451 1313 562 1347; x_wconf 76' lang='lat' dir='ltr'><strong>neque</strong></span> <span class='ocrx_word' id='word_1_133' title='bbox 583 1302 734 1338; x_wconf 76' lang='lat' dir='ltr'><strong>insidiae</strong></span> <span class='ocrx_word' id='word_1_134' title='bbox 759 1302 900 1339; x_wconf 68' lang='lat' dir='ltr'><strong>consula·</strong></span> <span class='ocrx_word' id='word_1_135' title='bbox 916 1303 1170 1349; x_wconf 77' lang='lat' dir='ltr'><strong>procedebant]</strong></span> <span class='ocrx_word' id='word_1_136' title='bbox 1209 1300 1380 1338; x_wconf 78' lang='lat' dir='ltr'><strong>nativum</strong></span> <span class='ocrx_word' id='word_1_137' title='bbox 1401 1302 1561 1349; x_wconf 77' lang='lat' dir='ltr'><strong>plerique</strong></span> <span class='ocrx_word' id='word_1_138' title='bbox 1583 1301 1639 1336; x_wconf 91' lang='lat' dir='ltr'><strong>in-</strong></span> 
     </span>
     <span class='ocr_line' id='line_1_17' title="bbox 245 1359 1638 1406; baseline 0.003 -15"><span class='ocrx_word' id='word_1_139' title='bbox 245 1360 437 1403; x_wconf 82' lang='lat' dir='ltr'><strong>terpretes,</strong></span> <span class='ocrx_word' id='word_1_140' title='bbox 463 1360 571 1394; x_wconf 83' lang='lat' dir='ltr'><strong>etiam</strong></span> <span class='ocrx_word' id='word_1_141' title='bbox 595 1360 818 1406; x_wconf 78' lang='lat' dir='ltr'><strong>Gerlachius‚</strong></span> <span class='ocrx_word' id='word_1_142' title='bbox 842 1365 963 1405; x_wconf 84' lang='lat' dir='ltr'><strong>aptum</strong></span> <span class='ocrx_word' id='word_1_143' title='bbox 986 1373 1062 1396; x_wconf 86' lang='lat' dir='ltr'><strong>esse</strong></span> <span class='ocrx_word' id='word_1_144' title='bbox 1084 1361 1204 1397; x_wconf 85' lang='lat' dir='ltr'><strong>dieunt</strong></span> <span class='ocrx_word' id='word_1_145' title='bbox 1224 1363 1270 1396; x_wconf 86' lang='lat' dir='ltr'><strong>ab</strong></span> <span class='ocrx_word' id='word_1_146' title='bbox 1295 1361 1426 1396; x_wconf 77' lang='lat' dir='ltr'><strong>omisso</strong></span> <span class='ocrx_word' id='word_1_147' title='bbox 1447 1359 1638 1406; x_wconf 73' lang='lat' dir='ltr'><strong>participio</strong></span> 
     </span>
     <span class='ocr_line' id='line_1_18' title="bbox 245 1417 1638 1465; baseline 0.001 -15"><span class='ocrx_word' id='word_1_148' title='bbox 245 1421 398 1460; x_wconf 83' lang='lat' dir='ltr'><strong>paratae</strong></span> <span class='ocrx_word' id='word_1_149' title='bbox 422 1417 479 1451; x_wconf 72' lang='lat' dir='ltr'><strong>vel</strong></span> <span class='ocrx_word' id='word_1_150' title='bbox 514 1422 693 1460; x_wconf 73' lang='lat' dir='ltr'><strong>structae,</strong></span> <span class='ocrx_word' id='word_1_151' title='bbox 729 1420 822 1464; x_wconf 88' lang='lat' dir='ltr'><strong>quod</strong></span> <span class='ocrx_word' id='word_1_152' title='bbox 853 1419 1029 1464; x_wconf 78' lang='lat' dir='ltr'><strong>ellipsium</strong></span> <span class='ocrx_word' id='word_1_153' title='bbox 1052 1430 1163 1465; x_wconf 85' lang='lat' dir='ltr'><strong>genus</strong></span> <span class='ocrx_word' id='word_1_154' title='bbox 1184 1419 1290 1454; x_wconf 84' lang='lat' dir='ltr'><strong>valde</strong></span> <span class='ocrx_word' id='word_1_155' title='bbox 1311 1419 1551 1464; x_wconf 80' lang='lat' dir='ltr'><strong>importunum</strong></span> <span class='ocrx_word' id='word_1_156' title='bbox 1573 1421 1638 1453; x_wconf 77' lang='lat' dir='ltr'><strong>est.</strong></span> 
     </span>
     <span class='ocr_line' id='line_1_19' title="bbox 246 1473 1638 1523; baseline 0 -13"><span class='ocrx_word' id='word_1_157' title='bbox 246 1473 448 1519; x_wconf 85' lang='lat' dir='ltr'><strong>Herzogius</strong></span> <span class='ocrx_word' id='word_1_158' title='bbox 473 1475 612 1511; x_wconf 66' lang='lat' dir='ltr'><strong>Considi</strong></span> <span class='ocrx_word' id='word_1_159' title='bbox 634 1488 656 1511; x_wconf 87' lang='lat' dir='ltr'><strong>a</strong></span> <span class='ocrx_word' id='word_1_160' title='bbox 678 1488 887 1523; x_wconf 82' lang='lat' dir='ltr'><strong>praegresso</strong></span> <span class='ocrx_word' id='word_1_161' title='bbox 910 1478 1051 1513; x_wconf 89' lang='lat' dir='ltr'><strong>nomine</strong></span> <span class='ocrx_word' id='word_1_162' title='bbox 1081 1477 1207 1510; x_wconf 77' lang='lat' dir='ltr'><strong>(lucere</strong></span> <span class='ocrx_word' id='word_1_163' title='bbox 1235 1477 1397 1518; x_wconf 77' lang='lat' dir='ltr'><strong>videtur,</strong></span> <span class='ocrx_word' id='word_1_164' title='bbox 1430 1476 1638 1521; x_wconf 71' lang='lat' dir='ltr'><strong>interpreta-</strong></span> 
     </span>
     <span class='ocr_line' id='line_1_20' title="bbox 247 1531 1638 1578; baseline 0.003 -13"><span class='ocrx_word' id='word_1_165' title='bbox 247 1534 303 1565; x_wconf 74' lang='lat' dir='ltr'><strong>tu·</strong></span> <span class='ocrx_word' id='word_1_166' title='bbox 325 1531 475 1567; x_wconf 79' lang='lat' dir='ltr'><strong>insidiae</strong></span> <span class='ocrx_word' id='word_1_167' title='bbox 498 1532 537 1568; x_wconf 84' lang='grc' dir='ltr'><strong>ίπ</strong></span> <span class='ocrx_word' id='word_1_168' title='bbox 560 1534 763 1576; x_wconf 76' lang='lat' dir='ltr'><strong>Consulem3</strong></span> <span class='ocrx_word' id='word_1_169' title='bbox 794 1535 855 1570; x_wconf 85' lang='lat' dir='ltr'><strong>sed</strong></span> <span class='ocrx_word' id='word_1_170' title='bbox 878 1535 1017 1571; x_wconf 83' lang='lat' dir='ltr'><strong>dativus</strong></span> <span class='ocrx_word' id='word_1_171' title='bbox 1037 1544 1217 1578; x_wconf 85' lang='lat' dir='ltr'><strong>nunquam</strong></span> <span class='ocrx_word' id='word_1_172' title='bbox 1239 1537 1354 1578; x_wconf 80' lang='lat' dir='ltr'><strong>potest</strong></span> <span class='ocrx_word' id='word_1_173' title='bbox 1377 1545 1400 1569; x_wconf 88' lang='lat' dir='ltr'><strong>a</strong></span> <span class='ocrx_word' id='word_1_174' title='bbox 1421 1533 1638 1569; x_wconf 82' lang='lat' dir='ltr'><strong>substantivo</strong></span> 
     </span>
     <span class='ocr_line' id='line_1_21' title="bbox 248 1589 1636 1638; baseline 0.001 -16"><span class='ocrx_word' id='word_1_175' title='bbox 248 1591 350 1632; x_wconf 83' lang='lat' dir='ltr'><strong>aptus</strong></span> <span class='ocrx_word' id='word_1_176' title='bbox 373 1601 468 1633; x_wconf 83' lang='lat' dir='ltr'><strong>esse,</strong></span> <span class='ocrx_word' id='word_1_177' title='bbox 499 1590 567 1625; x_wconf 85' lang='lat' dir='ltr'><strong>nisi</strong></span> <span class='ocrx_word' id='word_1_178' title='bbox 591 1596 653 1627; x_wconf 88' lang='lat' dir='ltr'><strong>aut</strong></span> <span class='ocrx_word' id='word_1_179' title='bbox 676 1604 699 1628; x_wconf 90' lang='lat' dir='ltr'><strong>a</strong></span> <span class='ocrx_word' id='word_1_180' title='bbox 721 1593 878 1636; x_wconf 84' lang='lat' dir='ltr'><strong>verbali,</strong></span> <span class='ocrx_word' id='word_1_181' title='bbox 913 1594 967 1638; x_wconf 83' lang='lat' dir='ltr'><strong>(v,</strong></span> <span class='ocrx_word' id='word_1_182' title='bbox 993 1592 1148 1637; x_wconf 81' lang='lat' dir='ltr'><strong>Zumptii</strong></span> <span class='ocrx_word' id='word_1_183' title='bbox 1173 1593 1335 1627; x_wconf 85' lang='lat' dir='ltr'><strong>Gramm.</strong></span> <span class='ocrx_word' id='word_1_184' title='bbox 1358 1591 1435 1628; x_wconf 81' lang='lat' dir='ltr'><strong>Lat.</strong></span> <span class='ocrx_word' id='word_1_185' title='bbox 1461 1592 1494 1634; x_wconf 77' lang='lat' dir='ltr'><strong>S.</strong></span> <span class='ocrx_word' id='word_1_186' title='bbox 1510 1589 1569 1625; x_wconf 75' lang='lat'><strong>84.</strong></span> <span class='ocrx_word' id='word_1_187' title='bbox 1593 1591 1636 1625; x_wconf 81' lang='lat' dir='ltr'><strong>A.</strong></span> 
     </span>
     <span class='ocr_line' id='line_1_22' title="bbox 247 1645 1639 1694; baseline 0.003 -15"><span class='ocrx_word' id='word_1_188' title='bbox 247 1645 306 1679; x_wconf 86' lang='lat'><strong>10.</strong></span> <span class='ocrx_word' id='word_1_189' title='bbox 332 1658 367 1690; x_wconf 87' lang='lat' dir='ltr'><strong>p.</strong></span> <span class='ocrx_word' id='word_1_190' title='bbox 388 1646 472 1685; x_wconf 77' lang='lat'><strong>47⁷.</strong></span> <span class='ocrx_word' id='word_1_191' title='bbox 493 1649 592 1684; x_wconf 81' lang='lat' dir='ltr'><strong>Voss.</strong></span> <span class='ocrx_word' id='word_1_192' title='bbox 615 1651 660 1685; x_wconf 90' lang='lat' dir='ltr'><strong>de</strong></span> <span class='ocrx_word' id='word_1_193' title='bbox 682 1651 818 1687; x_wconf 84' lang='lat' dir='ltr'><strong>Constr.</strong></span> <span class='ocrx_word' id='word_1_194' title='bbox 842 1663 873 1685; x_wconf 86' lang='lat' dir='ltr'><strong>c.</strong></span> <span class='ocrx_word' id='word_1_195' title='bbox 891 1650 983 1686; x_wconf 78' lang='lat' dir='ltr'><strong>vm.</strong></span> <span class='ocrx_word' id='word_1_196' title='bbox 1007 1661 1040 1694; x_wconf 83' lang='lat' dir='ltr'><strong>p.</strong></span> <span class='ocrx_word' id='word_1_197' title='bbox 1065 1649 1123 1688; x_wconf 78' lang='lat'><strong>33.</strong></span> <span class='ocrx_word' id='word_1_198' title='bbox 1155 1651 1313 1689; x_wconf 67' lang='lat' dir='ltr'><strong>Gronov·</strong></span> <span class='ocrx_word' id='word_1_199' title='bbox 1337 1649 1382 1685; x_wconf 83' lang='lat' dir='ltr'><strong>ad</strong></span> <span class='ocrx_word' id='word_1_200' title='bbox 1404 1647 1483 1683; x_wconf 74' lang='lat' dir='ltr'><strong>mv.</strong></span> <span class='ocrx_word' id='word_1_201' title='bbox 1508 1649 1639 1691; x_wconf 78' lang='lat' dir='ltr'><strong>xxm,</strong></span> 
     </span>
     <span class='ocr_line' id='line_1_23' title="bbox 247 1702 1640 1753; baseline 0.001 -15"><span class='ocrx_word' id='word_1_202' title='bbox 247 1702 307 1747; x_wconf 83' lang='lat'><strong>35,</strong></span> <span class='ocrx_word' id='word_1_203' title='bbox 315 1704 370 1750; x_wconf 75' lang='lat'><strong>7.)</strong></span> <span class='ocrx_word' id='word_1_204' title='bbox 393 1709 454 1739; x_wconf 84' lang='lat' dir='ltr'><strong>aut</strong></span> <span class='ocrx_word' id='word_1_205' title='bbox 477 1717 499 1740; x_wconf 90' lang='lat' dir='ltr'><strong>a</strong></span> <span class='ocrx_word' id='word_1_206' title='bbox 516 1707 658 1743; x_wconf 85' lang='lat' dir='ltr'><strong>nomine</strong></span> <span class='ocrx_word' id='word_1_207' title='bbox 680 1721 762 1743; x_wconf 86' lang='lat' dir='ltr'><strong>cum</strong></span> <span class='ocrx_word' id='word_1_208' title='bbox 784 1709 895 1742; x_wconf 84' lang='lat' dir='ltr'><strong>verbo</strong></span> <span class='ocrx_word' id='word_1_209' title='bbox 918 1707 1114 1750; x_wconf 78' lang='lat' dir='ltr'><strong>coniuncto,</strong></span> <span class='ocrx_word' id='word_1_210' title='bbox 1135 1707 1236 1742; x_wconf 82' lang='lat' dir='ltr'><strong>euius</strong></span> <span class='ocrx_word' id='word_1_211' title='bbox 1251 1707 1391 1753; x_wconf 78' lang='lat' dir='ltr'><strong>generis</strong></span> <span class='ocrx_word' id='word_1_212' title='bbox 1412 1709 1530 1741; x_wconf 77' lang='lat' dir='ltr'><strong>noster</strong></span> <span class='ocrx_word' id='word_1_213' title='bbox 1552 1716 1640 1750; x_wconf 87' lang='lat' dir='ltr'><strong>quo-</strong></span> 
     </span>
     <span class='ocr_line' id='line_1_24' title="bbox 249 1762 1641 1811; baseline 0.001 -15"><span class='ocrx_word' id='word_1_214' title='bbox 249 1773 318 1806; x_wconf 90' lang='lat' dir='ltr'><strong>que</strong></span> <span class='ocrx_word' id='word_1_215' title='bbox 339 1763 438 1797; x_wconf 84' lang='lat' dir='ltr'><strong>locus</strong></span> <span class='ocrx_word' id='word_1_216' title='bbox 460 1768 530 1806; x_wconf 79' lang='lat' dir='ltr'><strong>est,</strong></span> <span class='ocrx_word' id='word_1_217' title='bbox 559 1777 775 1811; x_wconf 87' lang='lat' dir='ltr'><strong>quamquam</strong></span> <span class='ocrx_word' id='word_1_218' title='bbox 796 1765 987 1802; x_wconf 70' lang='lat' dir='ltr'><strong>Sallustius</strong></span> <span class='ocrx_word' id='word_1_219' title='bbox 1018 1766 1139 1811; x_wconf 87' lang='lat' dir='ltr'><strong>paullo</strong></span> <span class='ocrx_word' id='word_1_220' title='bbox 1167 1764 1403 1811; x_wconf 82' lang='lat' dir='ltr'><strong>negligentior</strong></span> <span class='ocrx_word' id='word_1_221' title='bbox 1427 1762 1544 1810; x_wconf 82' lang='lat' dir='ltr'><strong>magis</strong></span> <span class='ocrx_word' id='word_1_222' title='bbox 1576 1763 1641 1797; x_wconf 84' lang='lat' dir='ltr'><strong>ob·</strong></span> 
     </span>
     <span class='ocr_line' id='line_1_25' title="bbox 250 1819 1642 1868; baseline 0 -14"><span class='ocrx_word' id='word_1_223' title='bbox 250 1832 394 1855; x_wconf 82' lang='lat' dir='ltr'><strong>scuram</strong></span> <span class='ocrx_word' id='word_1_224' title='bbox 421 1822 575 1866; x_wconf 86' lang='lat' dir='ltr'><strong>aliquem</strong></span> <span class='ocrx_word' id='word_1_225' title='bbox 601 1823 710 1858; x_wconf 85' lang='lat' dir='ltr'><strong>animi</strong></span> <span class='ocrx_word' id='word_1_226' title='bbox 736 1835 897 1866; x_wconf 80' lang='lat' dir='ltr'><strong>sensum,</strong></span> <span class='ocrx_word' id='word_1_227' title='bbox 931 1835 1038 1868; x_wconf 87' lang='lat' dir='ltr'><strong>quam</strong></span> <span class='ocrx_word' id='word_1_228' title='bbox 1062 1823 1199 1857; x_wconf 79' lang='lat' dir='ltr'><strong>dicendi</strong></span> <span class='ocrx_word' id='word_1_229' title='bbox 1227 1834 1330 1857; x_wconf 81' lang='lat' dir='ltr'><strong>usum</strong></span> <span class='ocrx_word' id='word_1_230' title='bbox 1353 1827 1493 1857; x_wconf 75' lang='lat' dir='ltr'><strong>secutus</strong></span> <span class='ocrx_word' id='word_1_231' title='bbox 1516 1819 1642 1866; x_wconf 80' lang='lat' dir='ltr'><strong>depre-</strong></span> 
     </span>
     <span class='ocr_line' id='line_1_26' title="bbox 250 1879 1641 1927; baseline -0.002 -13"><span class='ocrx_word' id='word_1_232' title='bbox 250 1879 427 1915; x_wconf 84' lang='lat' dir='ltr'><strong>henditur.</strong></span> <span class='ocrx_word' id='word_1_233' title='bbox 472 1879 564 1914; x_wconf 90' lang='lat' dir='ltr'><strong>Nam</strong></span> <span class='ocrx_word' id='word_1_234' title='bbox 595 1892 705 1924; x_wconf 87' lang='lat' dir='ltr'><strong>quum</strong></span> <span class='ocrx_word' id='word_1_235' title='bbox 736 1882 846 1927; x_wconf 85' lang='lat' dir='ltr'><strong>vulgo</strong></span> <span class='ocrx_word' id='word_1_236' title='bbox 878 1882 1017 1916; x_wconf 80' lang='lat' dir='ltr'><strong>dativus</strong></span> <span class='ocrx_word' id='word_1_237' title='bbox 1044 1881 1232 1926; x_wconf 73' lang='lat' dir='ltr'><strong>procedere</strong></span> <span class='ocrx_word' id='word_1_238' title='bbox 1253 1881 1363 1915; x_wconf 85' lang='lat' dir='ltr'><strong>verbo</strong></span> <span class='ocrx_word' id='word_1_239' title='bbox 1386 1879 1526 1915; x_wconf 81' lang='lat' dir='ltr'><strong>additus</strong></span> <span class='ocrx_word' id='word_1_240' title='bbox 1549 1889 1641 1912; x_wconf 82' lang='lat' dir='ltr'><strong>com-</strong></span> 
     </span>
     <span class='ocr_line' id='line_1_27' title="bbox 250 1935 1642 1984; baseline -0.001 -13"><span class='ocrx_word' id='word_1_241' title='bbox 250 1938 345 1972; x_wconf 83' lang='lat' dir='ltr'><strong>modi</strong></span> <span class='ocrx_word' id='word_1_242' title='bbox 367 1940 539 1982; x_wconf 80' lang='lat' dir='ltr'><strong>potestate</strong></span> <span class='ocrx_word' id='word_1_243' title='bbox 559 1948 642 1971; x_wconf 90' lang='lat' dir='ltr'><strong>eum</strong></span> <span class='ocrx_word' id='word_1_244' title='bbox 665 1938 855 1983; x_wconf 81' lang='lat' dir='ltr'><strong>significet,</strong></span> <span class='ocrx_word' id='word_1_245' title='bbox 879 1939 942 1984; x_wconf 90' lang='lat' dir='ltr'><strong>qui</strong></span> <span class='ocrx_word' id='word_1_246' title='bbox 965 1939 1062 1973; x_wconf 82' lang='lat' dir='ltr'><strong>felici</strong></span> <span class='ocrx_word' id='word_1_247' title='bbox 1083 1948 1245 1972; x_wconf 73' lang='lat' dir='ltr'><strong>successu</strong></span> <span class='ocrx_word' id='word_1_248' title='bbox 1266 1937 1397 1980; x_wconf 54' lang='lat' dir='ltr'><strong>utitnrf</strong></span> <span class='ocrx_word' id='word_1_249' title='bbox 1410 1947 1445 1973; x_wconf 77' lang='lat' dir='ltr'><strong>v,</strong></span> <span class='ocrx_word' id='word_1_250' title='bbox 1462 1935 1642 1973; x_wconf 76' lang='lat' dir='ltr'><strong>Drakenb.</strong></span> 
     </span>
     <span class='ocr_line' id='line_1_28' title="bbox 252 1993 1642 2042; baseline -0.001 -12"><span class='ocrx_word' id='word_1_251' title='bbox 252 1996 300 2030; x_wconf 88' lang='lat' dir='ltr'><strong>ad</strong></span> <span class='ocrx_word' id='word_1_252' title='bbox 314 1995 392 2030; x_wconf 83' lang='lat' dir='ltr'><strong>Liv.</strong></span> <span class='ocrx_word' id='word_1_253' title='bbox 407 1996 455 2038; x_wconf 92' lang='lat'><strong>11,</strong></span> <span class='ocrx_word' id='word_1_254' title='bbox 473 1994 592 2038; x_wconf 78' lang='lat'><strong>44,2.,</strong></span> <span class='ocrx_word' id='word_1_255' title='bbox 617 1995 860 2042; x_wconf 76' lang='lat' dir='ltr'><strong>ambiguitatis</strong></span> <span class='ocrx_word' id='word_1_256' title='bbox 882 1996 972 2031; x_wconf 85' lang='lat' dir='ltr'><strong>vitio</strong></span> <span class='ocrx_word' id='word_1_257' title='bbox 996 1995 1056 2030; x_wconf 86' lang='lat' dir='ltr'><strong>vix</strong></span> <span class='ocrx_word' id='word_1_258' title='bbox 1083 1998 1203 2030; x_wconf 86' lang='lat' dir='ltr'><strong>carent</strong></span> <span class='ocrx_word' id='word_1_259' title='bbox 1224 1995 1344 2030; x_wconf 85' lang='lat' dir='ltr'><strong>verba.</strong></span> <span class='ocrx_word' id='word_1_260' title='bbox 1367 1993 1438 2029; x_wconf 77' lang='lat' dir='ltr'><strong>Sed</strong></span> <span class='ocrx_word' id='word_1_261' title='bbox 1460 1993 1498 2029; x_wconf 91' lang='lat' dir='ltr'><strong>in</strong></span> <span class='ocrx_word' id='word_1_262' title='bbox 1521 2004 1642 2038; x_wconf 81' lang='lat' dir='ltr'><strong>prom-</strong></span> 
     </span>
     <span class='ocr_line' id='line_1_29' title="bbox 251 2051 1641 2099; baseline -0.003 -11"><span class='ocrx_word' id='word_1_263' title='bbox 251 2056 315 2098; x_wconf 84' lang='lat' dir='ltr'><strong>ptu</strong></span> <span class='ocrx_word' id='word_1_264' title='bbox 335 2057 388 2088; x_wconf 83' lang='lat' dir='ltr'><strong>est</strong></span> <span class='ocrx_word' id='word_1_265' title='bbox 406 2053 616 2089; x_wconf 77' lang='lat' dir='ltr'><strong>Sallustium</strong></span> <span class='ocrx_word' id='word_1_266' title='bbox 641 2057 800 2099; x_wconf 72' lang='lat' dir='ltr'><strong>raepectu</strong></span> <span class='ocrx_word' id='word_1_267' title='bbox 822 2053 916 2098; x_wconf 83' lang='lat' dir='ltr'><strong>elus,</strong></span> <span class='ocrx_word' id='word_1_268' title='bbox 947 2053 1008 2098; x_wconf 85' lang='lat' dir='ltr'><strong>qui</strong></span> <span class='ocrx_word' id='word_1_269' title='bbox 1031 2052 1197 2088; x_wconf 82' lang='lat' dir='ltr'><strong>struxerit</strong></span> <span class='ocrx_word' id='word_1_270' title='bbox 1218 2052 1383 2096; x_wconf 78' lang='lat' dir='ltr'><strong>insidias,</strong></span> <span class='ocrx_word' id='word_1_271' title='bbox 1405 2052 1514 2086; x_wconf 83' lang='lat' dir='ltr'><strong>verbo</strong></span> <span class='ocrx_word' id='word_1_272' title='bbox 1534 2051 1641 2085; x_wconf 81' lang='lat' dir='ltr'><strong>abso-</strong></span> 
     </span>
     <span class='ocr_line' id='line_1_30' title="bbox 252 2109 1642 2157; baseline -0.002 -11"><span class='ocrx_word' id='word_1_273' title='bbox 252 2113 327 2146; x_wconf 86' lang='lat' dir='ltr'><strong>lute</strong></span> <span class='ocrx_word' id='word_1_274' title='bbox 360 2122 437 2146; x_wconf 81' lang='lat' dir='ltr'><strong>esse</strong></span> <span class='ocrx_word' id='word_1_275' title='bbox 476 2123 602 2154; x_wconf 79' lang='lat' dir='ltr'><strong>usum3</strong></span> <span class='ocrx_word' id='word_1_276' title='bbox 634 2123 703 2156; x_wconf 89' lang='lat' dir='ltr'><strong>quo</strong></span> <span class='ocrx_word' id='word_1_277' title='bbox 734 2112 794 2157; x_wconf 88' lang='lat' dir='ltr'><strong>fit,</strong></span> <span class='ocrx_word' id='word_1_278' title='bbox 829 2115 869 2148; x_wconf 86' lang='lat' dir='ltr'><strong>ut</strong></span> <span class='ocrx_word' id='word_1_279' title='bbox 899 2123 981 2146; x_wconf 89' lang='lat' dir='ltr'><strong>cum</strong></span> <span class='ocrx_word' id='word_1_280' title='bbox 1017 2123 1104 2145; x_wconf 84' lang='lat' dir='ltr'><strong>voce</strong></span> <span class='ocrx_word' id='word_1_281' title='bbox 1136 2110 1288 2145; x_wconf 75' lang='lat' dir='ltr'><strong>insidiae</strong></span> <span class='ocrx_word' id='word_1_282' title='bbox 1327 2109 1555 2144; x_wconf 79' lang='lat' dir='ltr'><strong>coniunctum</strong></span> <span class='ocrx_word' id='word_1_283' title='bbox 1584 2109 1642 2143; x_wconf 75' lang='lat' dir='ltr'><strong>in-</strong></span> 
     </span>
     <span class='ocr_line' id='line_1_31' title="bbox 253 2166 1643 2219; baseline -0.002 -15"><span class='ocrx_word' id='word_1_284' title='bbox 253 2171 421 2207; x_wconf 75' lang='lat' dir='ltr'><strong>commodi</strong></span> <span class='ocrx_word' id='word_1_285' title='bbox 442 2174 614 2215; x_wconf 82' lang='lat' dir='ltr'><strong>potestate</strong></span> <span class='ocrx_word' id='word_1_286' title='bbox 636 2171 682 2205; x_wconf 88' lang='lat' dir='ltr'><strong>ad</strong></span> <span class='ocrx_word' id='word_1_287' title='bbox 705 2182 786 2205; x_wconf 89' lang='lat' dir='ltr'><strong>eum</strong></span> <span class='ocrx_word' id='word_1_288' title='bbox 808 2169 935 2219; x_wconf 75' lang='lat' dir='ltr'><strong>referri</strong></span> <span class='ocrx_word' id='word_1_289' title='bbox 957 2169 1078 2215; x_wconf 85' lang='lat' dir='ltr'><strong>possit,</strong></span> <span class='ocrx_word' id='word_1_290' title='bbox 1101 2167 1158 2202; x_wconf 81' lang='lat' dir='ltr'><strong>cui</strong></span> <span class='ocrx_word' id='word_1_291' title='bbox 1179 2170 1358 2202; x_wconf 74' lang='lat' dir='ltr'><strong>struantur</strong></span> <span class='ocrx_word' id='word_1_292' title='bbox 1380 2166 1538 2202; x_wconf 80' lang='lat' dir='ltr'><strong>insidiae.</strong></span> <span class='ocrx_word' id='word_1_293' title='bbox 1572 2167 1643 2201; x_wconf 79' lang='lat' dir='ltr'><strong>Pa·-</strong></span> 
     </span>
     <span class='ocr_line' id='line_1_32' title="bbox 252 2225 1640 2273; baseline -0.001 -11"><span class='ocrx_word' id='word_1_294' title='bbox 252 2228 342 2262; x_wconf 84' lang='lat' dir='ltr'><strong>riter</strong></span> <span class='ocrx_word' id='word_1_295' title='bbox 364 2228 433 2262; x_wconf 85' lang='lat' dir='ltr'><strong>hoo</strong></span> <span class='ocrx_word' id='word_1_296' title='bbox 455 2228 534 2273; x_wconf 83' lang='lat' dir='ltr'><strong>ipso</strong></span> <span class='ocrx_word' id='word_1_297' title='bbox 556 2239 633 2272; x_wconf 79' lang='lat' dir='ltr'><strong>cap.</strong></span> <span class='ocrx_word' id='word_1_298' title='bbox 655 2230 687 2273; x_wconf 71' lang='grc'><strong>5.</strong></span> <span class='ocrx_word' id='word_1_299' title='bbox 705 2228 739 2262; x_wconf 83' lang='lat'><strong>2.</strong></span> <span class='ocrx_word' id='word_1_300' title='bbox 776 2229 923 2263; x_wconf 80' lang='lat' dir='ltr'><strong>insidias</strong></span> <span class='ocrx_word' id='word_1_301' title='bbox 958 2227 1096 2262; x_wconf 72' lang='lat' dir='ltr'><strong>Consuli</strong></span> <span class='ocrx_word' id='word_1_302' title='bbox 1129 2230 1306 2260; x_wconf 74' lang='lat' dir='ltr'><strong>maturent</strong></span> <span class='ocrx_word' id='word_1_303' title='bbox 1336 2225 1389 2260; x_wconf 88' lang='lat' dir='ltr'><strong>ita</strong></span> <span class='ocrx_word' id='word_1_304' title='bbox 1420 2225 1554 2260; x_wconf 82' lang='lat' dir='ltr'><strong>dictum</strong></span> <span class='ocrx_word' id='word_1_305' title='bbox 1576 2226 1640 2266; x_wconf 63' lang='lat' dir='ltr'><strong>ost,</strong></span> 
     </span>
     <span class='ocr_line' id='line_1_33' title="bbox 253 2283 1639 2330; baseline -0.003 -11"><span class='ocrx_word' id='word_1_306' title='bbox 253 2290 294 2321; x_wconf 89' lang='lat' dir='ltr'><strong>ut</strong></span> <span class='ocrx_word' id='word_1_307' title='bbox 316 2285 454 2320; x_wconf 84' lang='lat' dir='ltr'><strong>dativus</strong></span> <span class='ocrx_word' id='word_1_308' title='bbox 484 2286 631 2330; x_wconf 80' lang='lat' dir='ltr'><strong>pendeat</strong></span> <span class='ocrx_word' id='word_1_309' title='bbox 660 2297 683 2320; x_wconf 90' lang='lat' dir='ltr'><strong>a</strong></span> <span class='ocrx_word' id='word_1_310' title='bbox 705 2285 822 2321; x_wconf 81' lang='lat' dir='ltr'><strong>verbis</strong></span> <span class='ocrx_word' id='word_1_311' title='bbox 854 2286 955 2321; x_wconf 79' lang='lat' dir='ltr'><strong>insid.</strong></span> <span class='ocrx_word' id='word_1_312' title='bbox 981 2291 1108 2321; x_wconf 77' lang='lat' dir='ltr'><strong>matur.</strong></span> <span class='ocrx_word' id='word_1_313' title='bbox 1124 2297 1138 2326; x_wconf 78' lang='lat'><strong>,-</strong></span> <span class='ocrx_word' id='word_1_314' title='bbox 1160 2295 1244 2318; x_wconf 88' lang='lat' dir='ltr'><strong>nam</strong></span> <span class='ocrx_word' id='word_1_315' title='bbox 1274 2283 1305 2318; x_wconf 85' lang='lat' dir='ltr'><strong>si</strong></span> <span class='ocrx_word' id='word_1_316' title='bbox 1326 2293 1383 2318; x_wconf 77' lang='lat' dir='ltr'><strong>res</strong></span> <span class='ocrx_word' id='word_1_317' title='bbox 1403 2283 1501 2316; x_wconf 81' lang='lat' dir='ltr'><strong>mala</strong></span> <span class='ocrx_word' id='word_1_318' title='bbox 1522 2285 1639 2316; x_wconf 84' lang='lat' dir='ltr'><strong>matu-</strong></span> 
     </span>
     <span class='ocr_line' id='line_1_34' title="bbox 253 2339 1639 2388; baseline -0.004 -10"><span class='ocrx_word' id='word_1_319' title='bbox 253 2347 356 2378; x_wconf 85' lang='lat' dir='ltr'><strong>ratur</strong></span> <span class='ocrx_word' id='word_1_320' title='bbox 391 2347 554 2388; x_wconf 72' lang='lat' dir='ltr'><strong>respectu</strong></span> <span class='ocrx_word' id='word_1_321' title='bbox 597 2344 763 2387; x_wconf 81' lang='lat' dir='ltr'><strong>alieuius,</strong></span> <span class='ocrx_word' id='word_1_322' title='bbox 806 2348 1004 2380; x_wconf 82' lang='lat' dir='ltr'><strong>maturatur</strong></span> <span class='ocrx_word' id='word_1_323' title='bbox 1053 2346 1145 2379; x_wconf 76' lang='lat' dir='ltr'><strong>certe</strong></span> <span class='ocrx_word' id='word_1_324' title='bbox 1184 2341 1221 2375; x_wconf 90' lang='lat' dir='ltr'><strong>in</strong></span> <span class='ocrx_word' id='word_1_325' title='bbox 1260 2340 1337 2375; x_wconf 81' lang='lat' dir='ltr'><strong>eius</strong></span> <span class='ocrx_word' id='word_1_326' title='bbox 1370 2339 1639 2374; x_wconf 80' lang='lat' dir='ltr'><strong>incommodum.</strong></span> 
     </span>
     <span class='ocr_line' id='line_1_35' title="bbox 254 2395 1642 2447; baseline -0.005 -11"><span class='ocrx_word' id='word_1_327' title='bbox 254 2402 376 2436; x_wconf 83' lang='lat' dir='ltr'><strong>Etiam</strong></span> <span class='ocrx_word' id='word_1_328' title='bbox 401 2402 493 2447; x_wconf 81' lang='lat' dir='ltr'><strong>apud</strong></span> <span class='ocrx_word' id='word_1_329' title='bbox 517 2402 615 2436; x_wconf 85' lang='lat' dir='ltr'><strong>Caes.</strong></span> <span class='ocrx_word' id='word_1_330' title='bbox 634 2402 679 2435; x_wconf 91' lang='lat' dir='ltr'><strong>B.</strong></span> <span class='ocrx_word' id='word_1_331' title='bbox 706 2402 749 2439; x_wconf 84' lang='lat' dir='ltr'><strong>G.</strong></span> <span class='ocrx_word' id='word_1_332' title='bbox 771 2402 814 2445; x_wconf 85' lang='lat' dir='ltr'><strong>V,</strong></span> <span class='ocrx_word' id='word_1_333' title='bbox 836 2402 895 2436; x_wconf 82' lang='lat'><strong>20.</strong></span> <span class='ocrx_word' id='word_1_334' title='bbox 931 2401 1200 2436; x_wconf 70' lang='lat' dir='ltr'><strong>Trinobantibus</strong></span> <span class='ocrx_word' id='word_1_335' title='bbox 1225 2399 1356 2433; x_wconf 77' lang='lat' dir='ltr'><strong>Caesar</strong></span> <span class='ocrx_word' id='word_1_336' title='bbox 1378 2398 1528 2442; x_wconf 76' lang='lat' dir='ltr'><strong>imperat</strong></span> <span class='ocrx_word' id='word_1_337' title='bbox 1549 2395 1642 2430; x_wconf 71' lang='lat' dir='ltr'><strong>obsi-</strong></span> 
     </span>
     <span class='ocr_line' id='line_1_36' title="bbox 256 2455 1642 2506; baseline -0.004 -13"><span class='ocrx_word' id='word_1_338' title='bbox 256 2460 317 2494; x_wconf 81' lang='lat' dir='ltr'><strong>des</strong></span> <span class='ocrx_word' id='word_1_339' title='bbox 343 2460 418 2503; x_wconf 83' lang='lat' dir='ltr'><strong>XL,</strong></span> <span class='ocrx_word' id='word_1_340' title='bbox 444 2463 725 2506; x_wconf 77' lang='lat' dir='ltr'><strong>frumentumque</strong></span> <span class='ocrx_word' id='word_1_341' title='bbox 756 2460 942 2503; x_wconf 70' lang='lat' dir='ltr'><strong>exercitui,</strong></span> <span class='ocrx_word' id='word_1_342' title='bbox 976 2459 1116 2504; x_wconf 75' lang='lat' dir='ltr'><strong>datims</strong></span> <span class='ocrx_word' id='word_1_343' title='bbox 1138 2469 1207 2492; x_wconf 91' lang='lat' dir='ltr'><strong>non</strong></span> <span class='ocrx_word' id='word_1_344' title='bbox 1233 2455 1357 2501; x_wconf 84' lang='lat' dir='ltr'><strong>pendet</strong></span> <span class='ocrx_word' id='word_1_345' title='bbox 1377 2464 1401 2490; x_wconf 78' lang='lat' dir='ltr'><strong>a</strong></span> <span class='ocrx_word' id='word_1_346' title='bbox 1422 2456 1642 2498; x_wconf 77' lang='lat' dir='ltr'><strong>frumentum</strong></span> 
     </span>
     <span class='ocr_line' id='line_1_37' title="bbox 257 2511 1642 2564; baseline -0.004 -13"><span class='ocrx_word' id='word_1_347' title='bbox 257 2529 365 2559; x_wconf 87' lang='lat' dir='ltr'><strong>voce,</strong></span> <span class='ocrx_word' id='word_1_348' title='bbox 397 2522 436 2553; x_wconf 88' lang='lat' dir='ltr'><strong>nt</strong></span> <span class='ocrx_word' id='word_1_349' title='bbox 459 2517 658 2564; x_wconf 74' lang='lat' dir='ltr'><strong>Herzogius</strong></span> <span class='ocrx_word' id='word_1_350' title='bbox 679 2517 780 2558; x_wconf 86' lang='lat' dir='ltr'><strong>vult,</strong></span> <span class='ocrx_word' id='word_1_351' title='bbox 810 2517 871 2551; x_wconf 82' lang='lat' dir='ltr'><strong>sed</strong></span> <span class='ocrx_word' id='word_1_352' title='bbox 894 2518 939 2552; x_wconf 90' lang='lat' dir='ltr'><strong>ab</strong></span> <span class='ocrx_word' id='word_1_353' title='bbox 962 2519 1135 2562; x_wconf 78' lang='lat' dir='ltr'><strong>imperat3</strong></span> <span class='ocrx_word' id='word_1_354' title='bbox 1157 2524 1270 2558; x_wconf 83' lang='lat' dir='ltr'><strong>neque</strong></span> <span class='ocrx_word' id='word_1_355' title='bbox 1292 2511 1385 2548; x_wconf 84' lang='lat' dir='ltr'><strong>euim</strong></span> <span class='ocrx_word' id='word_1_356' title='bbox 1407 2511 1526 2554; x_wconf 80' lang='lat' dir='ltr'><strong>obest,</strong></span> <span class='ocrx_word' id='word_1_357' title='bbox 1549 2511 1642 2556; x_wconf 89' lang='lat' dir='ltr'><strong>quod</strong></span> 
     </span>
     <span class='ocr_line' id='line_1_38' title="bbox 257 2568 1642 2621; baseline -0.009 -8"><span class='ocrx_word' id='word_1_358' title='bbox 257 2574 362 2613; x_wconf 78' lang='lat' dir='ltr'><strong>alteri</strong></span> <span class='ocrx_word' id='word_1_359' title='bbox 391 2576 531 2618; x_wconf 86' lang='lat' dir='ltr'><strong>dativo,</strong></span> <span class='ocrx_word' id='word_1_360' title='bbox 558 2587 628 2621; x_wconf 91' lang='lat' dir='ltr'><strong>quo</strong></span> <span class='ocrx_word' id='word_1_361' title='bbox 661 2575 905 2621; x_wconf 71' lang='lat' dir='ltr'><strong>significantur</strong></span> <span class='ocrx_word' id='word_1_362' title='bbox 935 2575 984 2617; x_wconf 89' lang='lat' dir='ltr'><strong>ii,</strong></span> <span class='ocrx_word' id='word_1_363' title='bbox 1017 2575 1146 2619; x_wconf 74' lang='lat' dir='ltr'><strong>quibus</strong></span> <span class='ocrx_word' id='word_1_364' title='bbox 1167 2573 1338 2617; x_wconf 80' lang='lat' dir='ltr'><strong>imperata</strong></span> <span class='ocrx_word' id='word_1_365' title='bbox 1367 2568 1529 2603; x_wconf 70' lang='lat' dir='ltr'><strong>iacienda</strong></span> <span class='ocrx_word' id='word_1_366' title='bbox 1551 2571 1642 2611; x_wconf 89' lang='lat' dir='ltr'><strong>suut,</strong></span> 
     </span>
     <span class='ocr_line' id='line_1_39' title="bbox 259 2625 1643 2680; baseline -0.006 -12"><span class='ocrx_word' id='word_1_367' title='bbox 259 2634 351 2668; x_wconf 85' lang='lat' dir='ltr'><strong>alter</strong></span> <span class='ocrx_word' id='word_1_368' title='bbox 371 2634 532 2676; x_wconf 83' lang='lat' dir='ltr'><strong>additur,</strong></span> <span class='ocrx_word' id='word_1_369' title='bbox 565 2645 635 2680; x_wconf 86' lang='lat' dir='ltr'><strong>quo</strong></span> <span class='ocrx_word' id='word_1_370' title='bbox 666 2633 694 2668; x_wconf 90' lang='lat' dir='ltr'><strong>ii</strong></span> <span class='ocrx_word' id='word_1_371' title='bbox 724 2636 910 2676; x_wconf 85' lang='lat' dir='ltr'><strong>notentur,</strong></span> <span class='ocrx_word' id='word_1_372' title='bbox 942 2631 979 2666; x_wconf 92' lang='lat' dir='ltr'><strong>in</strong></span> <span class='ocrx_word' id='word_1_373' title='bbox 1002 2643 1152 2676; x_wconf 84' lang='lat' dir='ltr'><strong>quorum</strong></span> <span class='ocrx_word' id='word_1_374' title='bbox 1174 2629 1397 2665; x_wconf 84' lang='lat' dir='ltr'><strong>commodum</strong></span> <span class='ocrx_word' id='word_1_375' title='bbox 1419 2627 1552 2672; x_wconf 85' lang='lat' dir='ltr'><strong>aliquid</strong></span> <span class='ocrx_word' id='word_1_376' title='bbox 1573 2625 1643 2661; x_wconf 90' lang='lat' dir='ltr'><strong>im-</strong></span> 
     </span>
     <span class='ocr_line' id='line_1_40' title="bbox 260 2682 1644 2737; baseline -0.004 -13"><span class='ocrx_word' id='word_1_377' title='bbox 260 2695 413 2737; x_wconf 78' lang='lat' dir='ltr'><strong>peratur.</strong></span> <span class='ocrx_word' id='word_1_378' title='bbox 468 2692 603 2726; x_wconf 85' lang='lat' dir='ltr'><strong>Eodem</strong></span> <span class='ocrx_word' id='word_1_379' title='bbox 633 2692 760 2734; x_wconf 87' lang='lat' dir='ltr'><strong>modo,</strong></span> <span class='ocrx_word' id='word_1_380' title='bbox 787 2694 827 2728; x_wconf 86' lang='lat' dir='ltr'><strong>ut</strong></span> <span class='ocrx_word' id='word_1_381' title='bbox 856 2690 966 2728; x_wconf 81' lang='lat' dir='ltr'><strong>dativi</strong></span> <span class='ocrx_word' id='word_1_382' title='bbox 998 2689 1089 2725; x_wconf 77' lang='lat' dir='ltr'><strong>ratio</strong></span> <span class='ocrx_word' id='word_1_383' title='bbox 1112 2699 1136 2724; x_wconf 77' lang='lat' dir='ltr'><strong>a</strong></span> <span class='ocrx_word' id='word_1_384' title='bbox 1158 2687 1268 2722; x_wconf 75' lang='lat' dir='ltr'><strong>verbo</strong></span> <span class='ocrx_word' id='word_1_385' title='bbox 1297 2688 1493 2731; x_wconf 78' lang='lat' dir='ltr'><strong>repetatur,</strong></span> <span class='ocrx_word' id='word_1_386' title='bbox 1524 2682 1644 2719; x_wconf 84' lang='lat' dir='ltr'><strong>omnia</strong></span> 
     </span>
    </p>
   </div>
  </div>
 </body>
</html>
