1754 2964
216 126 305 167 312
574 124 623 167 G.
653 125 995 170 SALLUSTI
1032 127 1266 171 CRISPI

223 255 329 287 cum
387 255 586 299 aequum
646 241 856 296 deducit3
921 243 1114 303 deinde,
1179 245 1363 290 remotis
1416 246 1614 293 omnium

225 332 366 391 equis,
401 348 494 391 quo
529 333 746 379 militibus
781 342 1031 394 exaequato
1065 336 1273 396 periculo
1308 337 1480 383 animus
1518 354 1617 385 am-

223 424 345 486 plior
388 430 526 484 esset,
570 425 671 486 ipse
714 426 860 486 pedes
906 428 1152 474 exercitum
1195 442 1283 489 pro
1327 428 1436 475 loco
1482 435 1619 489 atque

224 569 380 613 factum,
410 573 450 606 ut
482 568 520 604 in
559 569 629 605 ista
658 571 837 607 structura
870 584 998 609 canere
1029 568 1314 617 intransitivum,
1345 586 1454 619 quam
1486 575 1618 620 dicunt,

223 631 436 672 potestatem
458 628 646 671 acceperit,
669 629 763 673 quod
787 630 982 666 clarissimo
1012 634 1110 676 patet
1132 643 1176 666 ex
1197 631 1241 666 iis
1262 632 1364 676 locis,
1387 633 1449 667 ubi
1470 634 1620 667 verbum

222 698 292 720 uon
316 698 337 721 a
361 688 479 720 iubere
503 686 648 729 pendet,
680 688 777 722 velut
800 687 879 722 Liv.
903 690 930 730 1,
950 690 985 731 1,
1006 689 1042 724 7.
1070 691 1276 735 priusquam
1307 691 1415 735 signa
1438 695 1616 724 canerent.

223 743 369 784 xxvu,
398 743 458 787 47,
489 742 523 779 5.
557 744 664 778 semel
686 744 723 778 in
745 742 933 789 praetoriis
955 749 1082 784 castris
1106 748 1269 793 siguum,
1292 748 1344 782 bis
1366 748 1404 782 in
1426 749 1618 782 consulari-

224 801 288 835 bus
309 801 510 844 referebant
541 802 715 836 cecinisse.
762 803 886 845 XXIV,
908 803 966 846 15,
985 805 1018 840 l.
1052 806 1113 839 nbi
1143 806 1252 852 signa
1274 810 1459 850 coeperunt
1481 817 1620 840 cancre.

187 895 195 898 ,
223 858 324 893 Caes.
347 858 392 893 B.
418 859 457 893 C.
477 858 543 899 111,
560 858 618 903 92,
633 858 667 892 4.
707 859 811 905 Quae
842 862 1002 906 exempla
1034 862 1179 905 docent,
1210 874 1282 897 non
1316 873 1398 897 eam
1429 874 1505 897 esse
1536 874 1620 896 con-

222 915 424 950 structionis
455 916 650 960 rationem,
684 921 742 959 ut,
774 918 836 952 ubi
859 919 970 952 verba
991 930 1015 953 a
1038 920 1137 954 iubeo
1170 920 1362 964 pendeant,
1397 920 1621 955 accusativus

222 972 374 1009 subiecti
397 973 611 1018 supplendus
633 975 702 1019 sit,
734 977 840 1021 signa
873 988 958 1011 vero
991 977 1119 1012 obiecti
1153 979 1291 1019 locum,
1315 988 1338 1012 a
1359 979 1469 1012 verbo
1494 989 1621 1012 canere

222 1030 319 1076 apti,
351 1034 487 1074 teneat,
520 1033 582 1069 sed
609 1033 809 1079 legitimam
835 1033 992 1068 obtinere
1022 1036 1214 1070 accusativi
1247 1048 1278 1071 c.
1302 1035 1365 1071 inf.
1389 1035 1621 1070 constructio-

221 1100 327 1131 nem,
350 1089 481 1135 quippe
501 1090 540 1125 in
563 1102 634 1136 qua
657 1093 764 1137 signa
787 1092 1010 1127 accusativus
1033 1094 1180 1128 subiecti
1202 1093 1259 1129 sit.
1305 1094 1418 1129 Aliter
1440 1092 1622 1138 Herzogio

223 1147 362 1190 visum,
394 1147 459 1192 qui
487 1149 616 1195 signa,
655 1150 818 1194 signum,
851 1151 1034 1184 classicum
1067 1152 1198 1197 ubique
1230 1163 1295 1197 pro
1336 1150 1473 1186 obiecto
1502 1151 1622 1192 habet,

224 1206 374 1240 verbum
395 1206 443 1241 ab
466 1206 598 1241 omissa
630 1207 797 1242 tubicinis
825 1219 972 1251 persona
1004 1215 1127 1254 aptum
1160 1221 1236 1245 esse
1264 1221 1426 1251 censens,
1460 1208 1553 1253 quod
1587 1208 1622 1242 ei

224 1274 296 1299 non
318 1275 503 1309 possumus
526 1266 729 1308 concedere,
753 1269 827 1300 tum
850 1266 897 1300 ob
920 1278 1062 1303 caussas
1084 1279 1192 1312 supra
1214 1268 1410 1313 expositos,
1434 1270 1511 1300 tum
1536 1265 1621 1310 quin

223 1321 366 1364 Latini,
399 1321 464 1356 ubi
485 1323 591 1368 signa
622 1324 667 1358 ad
690 1323 907 1358 indefinitam
931 1323 1007 1359 eius
1040 1326 1101 1370 qui
1127 1325 1279 1360 sonitum
1303 1325 1479 1364 excitabat
1501 1336 1624 1370 perso-

224 1391 310 1414 nam
332 1380 467 1414 referre
491 1380 667 1423 volebant,
690 1380 863 1416 infinitivo
886 1383 1044 1426 passivi,
1065 1393 1135 1418 nou
1157 1383 1266 1418 activi
1288 1383 1497 1424 utebantur3
1523 1383 1621 1416 Caes.

225 1438 273 1475 B.
296 1439 335 1473 C.
353 1438 415 1480 ΙΙΙ,
432 1437 490 1478 82,
509 1438 544 1473 1.
575 1439 757 1472 classicum
781 1440 878 1484 apud
910 1451 988 1476 eum
1011 1441 1093 1475 cam·
1123 1441 1229 1476 iubet.
1283 1441 1385 1486 Quae
1408 1439 1623 1475 constructio

226 1500 268 1531 ut
299 1495 434 1530 institui
463 1495 605 1540 nequit,
639 1497 725 1541 quin
757 1497 801 1531 de
832 1509 981 1542 persona
1011 1497 1207 1544 cogitetur,
1238 1497 1289 1533 ita
1317 1501 1416 1542 patet
1446 1497 1625 1531 diversam

227 1565 304 1589 esse
327 1554 373 1588 ab
397 1553 571 1588 infinitivo
595 1554 714 1590 activi.
771 1556 961 1591 Praeterea
983 1557 1138 1592 Romani
1170 1555 1347 1591 interdum
1378 1554 1488 1590 etiam
1520 1554 1626 1598 plane

227 1616 351 1647 nostro
372 1612 478 1646 modo
502 1610 615 1646 locuti
636 1617 737 1656 sunt,
766 1616 806 1647 ut
829 1613 907 1647 Liv.
930 1615 1059 1656 XXIV,
1084 1614 1144 1656 46,
1162 1613 1198 1648 6.
1231 1615 1418 1648 cornicines
1441 1612 1625 1657 dispositos

229 1681 356 1704 canere
378 1670 508 1704 iubent.
555 1668 682 1704 Noster
705 1671 852 1716 Fragm.
877 1671 1030 1708 Historr.
1057 1672 1085 1708 Ι.
1116 1683 1151 1706 ιι.
1175 1671 1233 1707 38.
1263 1673 1361 1707 iussu
1392 1670 1528 1705 Metelli
1550 1680 1626 1703 cor-

229 1727 363 1761 nicines
388 1727 622 1762 occinuerunt.
681 1729 761 1773 Ιιι3.
788 1729 922 1771 XCIX,
950 1730 985 1766 1.
1019 1730 1158 1767 Marius
1189 1730 1285 1765 iubet
1321 1729 1490 1764 tubicines
1521 1727 1627 1761 simul

231 1785 342 1819 omnis
362 1785 469 1829 sigma
492 1796 629 1819 cauere.

324 1841 474 1887 deinde]
517 1843 644 1909 Vulgo
669 1843 772 1886 dein,
808 1845 904 1888 quod
935 1844 967 1880 si
990 1844 1113 1880 variae
1141 1843 1308 1879 lectiones
1340 1846 1436 1878 recte
1465 1844 1628 1876 mutatae

229 1904 334 1942 snut,
366 1899 644 1935 tantummodo
631 1912 668 1935 m
693 1913 763 1937 uno
794 1902 915 1944 Rivii,
947 1902 1031 1936 Bas.
1060 1903 1094 1936 1.
1129 1905 1165 1937 et
1188 1901 1278 1936 Tur.
1300 1901 1333 1936 1.
1366 1900 1509 1945 legitur.
1546 1899 1629 1933 Eos
1679 1900 1683 1905 ‘

233 1958 448 1996 Gerlaohius
487 1961 625 1992 secutus
657 1958 727 1994 sibi
765 1971 836 1994 uon
868 1959 1048 2001 constitit,
1082 1960 1144 2003 qni
1174 1970 1206 1993 o.
1232 1959 1308 2000 XL,
1332 1958 1368 1992 6.
1395 1962 1432 1993 et
1455 1956 1570 1997 XLV,
1592 1955 1628 1990 4.

232 2017 360 2054 deinde
382 2020 528 2061 propter
550 2017 726 2052 maiorem
749 2017 912 2052 codicum
934 2028 1121 2059 numerum
1145 2016 1306 2050 ediderit.

327 2074 481 2109 omnium
504 2074 625 2120 equis]
660 2076 700 2109 ln
731 2076 841 2110 Fabr.
866 2075 901 2110 1.
939 2074 1061 2109 Guelf.
1082 2074 1117 2108 5.
1147 2073 1247 2108 Laid.
1264 2073 1308 2110 A.
1343 2083 1413 2108 uno
1437 2071 1570 2107 Wassii
1594 2074 1631 2106 et

233 2133 328 2169 Tur.
356 2133 392 2169 1.
427 2134 481 2166 est
513 2133 670 2166 omnibus
704 2134 823 2178 equis,
858 2132 951 2176 quod
985 2132 1126 2167 Cottius
1159 2141 1344 2175 perperam
1374 2129 1631 2176 significantius

234 2191 371 2227 dictum
403 2193 515 2234 putat.
562 2189 709 2224 Necesse
731 2194 783 2225 est
807 2190 920 2234 enim,
950 2190 1021 2224 hoc
1054 2188 1297 2225 tautummodo
1327 2188 1375 2223 nd
1395 2186 1632 2233 pugnantium

235 2260 402 2295 personas
425 2246 575 2289 referri,
607 2259 676 2281 non
708 2249 752 2282 de
782 2249 882 2292 equis
914 2249 951 2282 in
983 2247 1187 2282 universum
1220 2245 1315 2288 dici,
1344 2245 1569 2291 quodquam
1591 2246 1633 2280 ‘re

237 2308 319 2352 ipsa
355 2310 470 2350 patet,
501 2308 577 2340 tum
607 2316 673 2347 eo,
708 2307 801 2349 qnod
836 2305 990 2340 Catilina
1022 2306 1096 2349 ipse
1134 2303 1242 2349 pedes
1275 2302 1402 2337 ceteris
1431 2301 1632 2346 opponitur.

238 2366 362 2410 Quare
386 2364 494 2398 etiam
517 2362 744 2406 oppositionis
765 2368 922 2408 respectu
945 2363 1056 2397 nostri
1077 2361 1147 2397 loci
1169 2360 1296 2398 similis
1325 2364 1379 2395 est
1401 2360 1502 2394 Caes.
1520 2360 1564 2395 Β.
1587 2360 1633 2394 G.

239 2421 338 2464 1‚25‚
350 2422 383 2457 1.
410 2422 542 2455 Caesar
559 2420 712 2468 prinpum
737 2433 839 2463 suo,
862 2422 988 2455 deinde
1011 2420 1210 2454 omnium
1234 2431 1275 2452 ex
1298 2422 1477 2462 conspectu
1492 2416 1633 2451 remotis

243 2480 359 2524 equis,
384 2484 423 2513 ut
453 2482 603 2522 aequato
630 2479 782 2512 omnium
802 2479 978 2523 periculo,
1009 2490 1105 2523 spem
1132 2480 1252 2522 fugae
1282 2476 1438 2515 tolleret,
1463 2473 1634 2518 proelium

245 2538 423 2572 commisit.
442 2555 488 2560 —
521 2535 630 2570 Pedes
654 2536 866 2571 Geriachius
888 2536 1024 2581 poetice
1045 2535 1179 2586 dictum
1203 2538 1314 2578 putat,
1338 2531 1512 2575 explicans
1530 2530 1635 2575 pedi—

246 2595 310 2629 bus
333 2593 516 2636 incedens,
546 2593 639 2637 quod
669 2593 851 2638 Herzogio
873 2594 1003 2628 merito
1035 2591 1142 2627 nimis
1163 2590 1291 2626 subtile
1322 2589 1469 2624 videtur.
1514 2587 1636 2632 Neque

191 2698 195 2702 ,
251 2657 371 2690 tamffl
394 2651 595 2695 probinum,
619 2651 712 2696 quod
735 2650 794 2689 hic
814 2651 922 2697 pedes
944 2650 1110 2688 adieetivi
1131 2649 1190 2684 vel
1211 2644 1387 2693 participii
1408 2643 1484 2681 vim
1504 2643 1639 2680 habere
