1754 2964
203 110 311 164 294·
550 106 598 148 c.
636 105 987 150 sALLusrr
1030 108 1290 151 cursu:

207 223 345 268 tarius
402 228 479 268 aut
523 239 577 269 ex
623 224 755 270 sociis
808 225 857 269 iu
906 230 1050 271 castra
1096 231 1306 283 venerat,
1348 229 1607 287 ,aequaliter

212 315 528 373 distribuebat,
570 331 625 362 ac
671 316 800 361 brevi
845 317 992 376 spatio
1040 317 1263 378 legiones.
1292 333 1482 365 numero
1516 321 1609 366 ho-

216 408 387 453 minum
422 408 696 468 expleverat,
733 424 874 467 quum
908 410 1034 455 initio
1078 425 1171 455 non
1205 410 1399 470 amplius
1434 412 1612 458 duobus

176 503 204 544 3
219 499 440 545 millibus·
473 499 717 545 habuisset.
807 502 903 547 Sed
960 517 1015 548 ex
1069 502 1193 546 omni
1249 503 1386 563 copia
1437 496 1614 551 circiter

216 601 322 652 pars
355 597 516 652 quarta
562 597 680 637 erat'
701 587 962 639 militaribus
1005 594 1139 639 armis
1177 594 1419 653 instructa;
1460 598 1613 654 ceteri,
1651 640 1653 655 ,

217 726 335 762 Tacit.
357 728 447 764 Ann.
475 727 529 772 ΙΙ,
554 727 622 772 52,
652 738 685 763 a.
710 739 759 763 m.
802 729 971 774 Mazippa
1014 729 1085 763 levi
1125 739 1203 764 cum
1242 729 1344 775 copia
1386 730 1550 764 incendia
1581 737 1614 765 et

218 786 342 829 caedes
365 787 614 830 circumferret.
648 787 707 829 lv,
729 787 765 830 4,
786 791 873 822 extr.
906 786 995 821 mihi
1023 787 1274 831 exsequendum
1296 798 1396 830 reor,
1429 799 1518 833 quae
1540 793 1616 823 tum

221 844 384 878 Romana
408 845 509 889 copia
523 845 561 879 in
576 846 752 879 armis.—-
774 846 840 879 Pro
859 857 999 879 numero
1015 845 1165 879 militum
1187 844 1212 879 i.
1237 856 1268 881 e.
1291 848 1331 879 ut
1352 845 1616 890 manipulorum

222 905 258 936 et
280 902 518 937 centuriarum
555 912 670 946 aequa
700 903 792 937 ratio
826 906 1021 949 constaret,
1065 914 1216 947 quorum
1231 903 1235 907 ’
1250 906 1417 938 numerus
1461 903 1617 939 militum

221 971 290 995 non
313 971 451 1004 semper
471 959 567 994 idem
590 959 668 994 fuit.

313 1020 347 1061 §-
370 1018 406 1052 2.
453 1019 672 1054 voluntarius
695 1022 758 1053 aut
782 1029 823 1052 ez·
846 1018 967 1063 sociis]
1008 1018 1147 1063 Oppido
1169 1018 1310 1054 fallitur
1334 1018 1474 1054 Curtius
1495 1019 1619 1053 volun-

220 1077 330 1110 tarios
364 1080 399 1111 et
421 1077 529 1111 socios
552 1089 573 1110 e
595 1083 697 1110 more
727 1075 878 1110 militiae
901 1078 1085 1111 Romanae
1106 1077 1327 1123 intelligens,
1358 1076 1411 1111 ita
1431 1080 1472 1110 ut
1493 1068 1620 1111 volun-

221 1133 304 1168 tarii
335 1134 426 1175 sint,
463 1134 525 1179 qni
555 1133 738 1179 stipendiis
778 1135 934 1170 emeritis
965 1135 1060 1168 ultro
1089 1146 1127 1169 se
1158 1136 1203 1170 ad
1234 1133 1402 1169 militiam
1441 1134 1621 1176 offerrent,

224 1192 312 1226 socii
342 1203 428 1227 vero
458 1192 583 1237 populi
613 1193 768 1227 Romani
799 1193 914 1228 socios
945 1192 1156 1238 significent,
1211 1193 1293 1237 Qua
1327 1191 1497 1227 sententia
1529 1192 1622 1226 nihil

221 1249 418 1294 perversius
441 1251 591 1296 cogitari
614 1262 716 1296 posse
738 1250 900 1293 Damius,
924 1250 1101 1296 Langius,
1126 1249 1300 1284 Miillerus
1322 1253 1417 1284 recte
1439 1250 1620 1286 notarunt.

221 1307 470 1353 intelliguntur
499 1308 594 1343 euim
627 1311 704 1342 tum
727 1308 775 1351 ii,
807 1309 892 1354 qui,
923 1312 964 1343 ut
987 1320 1017 1345 c.
1047 1308 1217 1350 XXXIX,
1249 1307 1289 1343 5.,
1328 1306 1490 1350 dixerat,
1524 1310 1623 1341 extra

224 1365 501 1401 coniurationem
526 1366 573 1402 ad
596 1365 786 1401 Catilinam
809 1366 1133 1410 proficiscerentur,
1166 1369 1245 1400 tum
1273 1364 1342 1410 ipsi
1370 1358 1623 1400 coniurationis

226 1424 425 1468 populares.
464 1424 519 1459 cf.
542 1435 573 1458 c.
594 1424 688 1467 XVI,
704 1424 740 1458 4.
773 1425 848 1466 XL,
865 1425 900 1459 6.

319 1486 360 1517 ut
390 1482 532 1527 quisque
569 1487 738 1523 venerat,
779 1483 976 1527 aequaliter
1010 1479 1265 1524 distribuebat]
1315 1479 1484 1522 Venerat,
1529 1478 1625 1523 quod

226 1541 414 1585 pleraeque
446 1551 567 1574 omnes
598 1541 826 1574 membranae
849 1532 1015 1582 tuentur,
1047 1540 1187 1574 Cottius
1220 1537 1373 1572 mutavit
1403 1537 1442 1571 iu
1463 1537 1560 1572 venit
1581 1548 1625 1572 ex

228 1599 330 1633 codd.
354 1599 462 1632 Febr.
478 1597 513 1632 1.
536 1601 572 1632 et
595 1597 652 1640 2.,
677 1597 806 1642 quibus
833 1599 958 1641 postea
980 1597 1057 1632 Erl.
1081 1600 1118 1632 et
1139 1597 1233 1642 Teg..
1255 1600 1487 1630 accesserunt.
1532 1596 1626 1629 Eum

228 1667 349 1691 omnes
377 1656 454 1690 fere
487 1656 637 1690 editores
666 1656 778 1690 secuti
810 1658 909 1698 sunt,
938 1659 1081 1700 praeter
1103 1654 1353 1695 Gerlachium,
1388 1652 1451 1697 qui
1482 1657 1628 1686 venerat

226 1713 377 1748 reduxit.
425 1713 496 1747 Sed
518 1717 642 1748 neutra
663 1713 734 1747 loci
757 1713 931 1758 scriptura
960 1714 1047 1748 ferri
1077 1724 1180 1757 posse
1208 1713 1370 1753 videtur,
1399 1710 1483 1754 quia
1506 1711 1629 1745 distri-

231 1774 374 1816 buerat,
409 1772 501 1815 quod
524 1771 599 1814 illi,
633 1772 795 1806 codicum
824 1771 1027 1807 auctoritati
1059 1770 1210 1805 nimium
1233 1768 1444 1812 tribuentes,
1473 1768 1627 1803 retinue-

230 1833 332 1871 runt,
364 1829 463 1863 nullo
495 1830 601 1863 modo
633 1840 715 1863 cum
748 1829 937 1873 praeterito
971 1834 1034 1865 aut
1063 1827 1405 1874 plusquamperfecto
1447 1825 1629 1860 conciliari
1641 1864 1649 1876 ,Α
1680 1859 1683 1864 .

231 1890 354 1933 potest.
413 1885 485 1930 Qui
518 1886 615 1921 euim
645 1886 805 1921 diversae
841 1897 899 1920 res
930 1886 1143 1931 praeteritae
1156 1909 1166 1928 ,
1198 1895 1350 1929 quarum
1379 1883 1492 1918 altera
1523 1894 1629 1928 prae-

231 1945 372 1980 cesserit
395 1945 558 1987 alteram,
581 1944 715 1990 pariter
729 1944 1068 1988 plusquamperfecto
1092 1941 1276 1976 enunciari
1298 1945 1461 1985 possunt,
1484 1945 1546 1976 aut
1567 1941 1630 1984 ita,

166 2029 169 2032 -
234 2008 271 2039 ut
300 2003 410 2039 serior
440 2003 806 2047 plusquamperfecto,
842 2001 944 2046 prior
974 2001 1130 2046 perfecto
1163 1999 1409 2045 significetur?
1439 1999 1630 2043 Quocirca,

232 2064 317 2097 licet
343 2073 431 2096 unus
453 2061 559 2095 modo
581 2061 679 2095 Leid.
699 2061 728 2095 Ι.
759 2059 988 2094 distribuebat
1021 2058 1206 2100 exhibeat,
1238 2061 1358 2092 tamen
1390 2067 1461 2091 non
1491 2057 1631 2092 dubita-

236 2121 353 2155 vimus
395 2118 742 2164 plusquamperfecto
781 2117 985 2162 praeferre,
1021 2127 1134 2161 quum
1175 2115 1244 2150 isto
1285 2113 1394 2150 modo
1432 2117 1632 2158 temporum

236 2178 367 2214 rationi
400 2177 533 2222 optime
573 2176 786 2210 consulatur.
848 2175 888 2209 In
920 2178 1086 2218 promptu
1125 2177 1178 2208 est
1210 2175 1352 2213 autem,
1394 2171 1559 2206 librarios
1588 2182 1632 2206 eo

238 2236 482 2280 imperfectum
505 2237 678 2275 mutasse,
714 2237 754 2268 ut
775 2233 846 2267 hoc
868 2237 1004 2276 tempus
1037 2232 1236 2276 expleverat
1258 2229 1368 2266 verbo
1397 2229 1632 2274 responderet,

239 2294 341 2328 cuius
359 2304 454 2337 «quae
477 2293 568 2327 ratio
590 2295 680 2326 esset
702 2303 771 2325 uon
793 2291 1048 2325 intellexerunt.
1585 2319 1587 2322 .

331 2336 472 2385 numero
503 2350 704 2393 hominum]
742 2349 842 2383 Haec
873 2349 982 2382 deleri
1012 2347 1155 2382 volebat
1178 2344 1318 2380 Cor-tius
1329 2352 1350 2386 ‚¹
1371 2343 1538 2388 quoniam
1574 2353 1632 2377 ex-

240 2410 398 2454 pleverat
421 2410 495 2442 iam
517 2406 647 2441 iustam
669 2396 950 2451 magnitudinem
972 2405 1158 2450 significet.
1199 2402 1411 2438 Prudentius
1432 2401 1630 2438 iudicasset,

243 2467 274 2501 si
308 2467 452 2500 vidisset
490 2466 580 2499 haec
613 2475 636 2499 a.
658 2464 828 2499 Sallustio
862 2463 1089 2508 oppositionis
1118 2471 1244 2495 caussa
1266 2459 1387 2495 addita
1417 2468 1508 2498 esse,
1541 2464 1631 2498 quae

245 2524 328 2559 talis
351 2526 421 2558 est:
451 2521 608 2568 legiones
638 2533 780 2557 numero
812 2522 955 2566 quidem
988 2519 1164 2559 homimem
1188 2518 1409 2562 expleverat,
1438 2514 1498 2549 sed
1529 2522 1652 2567 arma·

246 2581 422 2627 plerisque
453 2581 606 2615 deerant.
623 2599 671 2604 -—-
700 2579 900 2624 Isangium,
933 2578 1082 2622 amplius
1104 2576 1233 2611 omisso
1265 2583 1369 2620 quam
1398 2568 1529 2614 pariter
1551 2578 1634 2602 cum

249 2638 452 2674 accusativo
489 2641 522 2672 et
552 2637 710 2674 ablativo
753 2636 921 2682 coniungi
954 2636 1158 2676 docentem,
1188 2634 1239 2669 ita
1276 2634 1316 2667 ut
1342 2638 1443 2664 casus
1476 2626 1582 2662 modo
1611 2635 1635 2661 8
