1754 2964
251 126 338 167 286
621 122 668 164 C.
697 122 1048 168 SALLUSTI
1078 123 1310 168 cmsl’i
1356 146 1359 149 >

210 238 347 284 fised
381 239 603 298 memoria
633 255 741 289 mea
784 240 957 301 ingenti
998 242 1185 300 virtute,
1231 242 1421 288 divorsis
1453 245 1653 290 moribus

248 331 376 377 fuere
410 332 496 376 viri
531 331 652 391 duo,
699 331 772 378 M.
807 332 925 399 Cato
960 339 1007 378 et
1052 333 1104 381 C.
1139 333 1334 388 Caesar3
1383 348 1500 394 quos
1529 352 1652 396 quo-

247 423 370 467 niam
402 438 475 468 res
510 425 759 481 obtulerat,
796 425 975 470 silentio
1009 426 1258 487 praeterire
1291 441 1384 471 non
1417 427 1505 473 fuit
1520 432 1522 435 ’
1538 434 1653 475 con÷

248 515 445 573 silium‚'
466 516 580 575 quin
614 517 849 576 utriusque
894 524 1101 564 naturam
1137 525 1183 565 et
1214 533 1390 577 mores,
1435 526 1653 580 quantum

245 608 431 670 ingenio
465 623 674 668 possem,
710 610 951 670 aperirem.

383 699 508 746 LIV.
577 700 724 761 Igitur
756 700 828 747 his
862 717 1023 765 genus,
1059 706 1192 760 aetaS,
1218 702 1476 762 eloquentia
1500 719 1652 765 prope

246 867 324 902 ger.
348 876 393 883 —-
427 857 549 903 Effeta
581 868 703 892 omnes
732 858 840 902 libri,
873 870 965 904 quae
992 859 1174 905 scriptura
1203 859 1372 905 analogia
1401 858 1518 905 magia
1551 870 1651 895 com-

245 915 435 949 mendatur
456 926 563 959 quam
587 908 737 961 effoeta3
763 917 942 952 descendit
972 916 1067 951 enim
1091 917 1137 952 ab
1169 917 1314 962 antiquo
1343 917 1457 960 verbo
1479 920 1543 961 seo
1566 917 1591 952 i.
1615 929 1649 954 e.

247 974 383 1019 gigno,
410 974 457 1007 cf.
485 973 581 1011 Voss.
607 975 766 1019 Etymol.
800 986 835 1019 p.
865 974 947 1008 212.
981 974 1086 1008 Cour.
1118 974 1228 1019 Lcop.
1254 974 1460 1010 Schneider.
1484 976 1648 1011 Graium.

246 1031 326 1066 Lat.
356 1031 387 1072 Ι,
413 1031 448 1065 1.
487 1042 522 1075 p.
553 1031 601 1066 78
631 1044 684 1076 sq.
727 1035 763 1066 et
792 1033 875 1066 Eru-
907 1031 1053 1066 Weberi
1084 1031 1290 1067 Exercitatt.
1325 1032 1411 1078 styli
1443 1034 1523 1068 Lat.
1547 1033 1594 1068 T.
1616 1032 1649 1071 1.

245 1100 281 1133 p.
302 1089 383 1123 114.
431 1087 610 1132 Denique,
641 1099 687 1122 ne
710 1089 797 1133 quid
829 1089 919 1124 desit
941 1089 1037 1133 quod
1059 1089 1105 1124 ad
1127 1089 1166 1124 h.
1190 1089 1218 1124 1.
1240 1090 1439 1134 pertineat,
1474 1090 1649 1133 addimus,

243 1137 454 1190 Bipontinos
478 1150 514 1181 et
535 1147 714 1193 Langium
737 1147 919 1192 scripsisse
939 1148 1035 1182 velut
1059 1148 1165 1192 effeta
1184 1153 1335 1193 parente
1351 1151 1431 1191 ete,
1454 1148 1650 1183 Mulierum

244 1214 332 1238 vero
369 1205 593 1240 scribendum
631 1204 836 1241 coniecisse:
874 1217 939 1247 ae,
981 1206 1086 1240 sicuti
1118 1207 1226 1254 effeta,
1252 1210 1420 1252 parente,
1452 1206 1498 1240 in
1529 1206 1648 1242 multis

244 1266 351 1308 temp.
376 1266 441 1298 etc.
480 1263 629 1298 videant
652 1263 845 1306 acutiores,
874 1262 959 1308 quid
981 1263 1112 1298 horum
1136 1265 1294 1299 omnium
1316 1275 1443 1299 verum
1465 1263 1522 1299 sit.
1555 1262 1557 1265 ’

339 1322 373 1363 §.
400 1320 436 1356 6.
487 1321 635 1356 divorsis
665 1321 846 1364 moribus]
889 1320 1030 1355 eortius
1062 1332 1106 1357 ex
1137 1323 1238 1358 codd.
1271 1323 1353 1357 Son.
1385 1323 1420 1356 2.
1438 1325 1490 1367 ret
1518 1322 1648 1371 Hense.

245 1377 385 1422 scripsit
408 1379 539 1413 divorsi
561 1381 723 1422 moribus,
748 1379 842 1423 quod
864 1389 927 1423 per
949 1390 987 1413 se
1010 1378 1153 1423 quidem
1175 1391 1245 1414 non
1268 1380 1562 1414 contemnendum
1583 1383 1647 1424 eet,

244 1448 356 1481 quum
378 1437 475 1471 haud
508 1449 590 1472 raro
622 1438 835 1473 adiectivum
848 1463 860 1482 ‚
886 1437 1031 1482 proprie
1063 1448 1146 1472 cum
1167 1437 1362 1482 praedicati
1386 1438 1529 1474 nomine
1559 1449 1645 1474 con-

224 1495 485 1540 iungendum,
521 1496 567 1530 ad
599 1495 796 1531 subiectum
829 1497 1024 1540 referatur,
1057 1507 1095 1531 v.
1126 1507 1157 1529 c.
1180 1495 1261 1541 lug.
1288 1496 1488 1538 LXXVIII,
1515 1495 1551 1531 3.
1577 1497 1646 1531 duo

245 1558 329 1588 sunt
351 1553 467 1595 sinus,
490 1553 701 1598 impares
731 1555 1000 1600 magnitudine,
1029 1554 1115 1599 pan·
1145 1558 1288 1589 natura.
1323 1554 1416 1588 Vell.
1442 1554 1489 1599 11,
1519 1554 1578 1598 11,
1609 1553 1645 1588 1.

245 1611 386 1646 Marius
409 1611 487 1655 fnit
516 1612 592 1646 vita
616 1617 768 1647 sanctus.
804 1611 854 1647 ib.
880 1613 933 1656 11,
961 1611 1028 1655 29,
1053 1612 1090 1648 3.
1125 1612 1310 1658 Pompeius
1340 1612 1539 1646 innocentia
1572 1612 1647 1646 exi-

244 1669 355 1711 mius,
390 1669 580 1704 sanctitate
609 1671 839 1715 praecipuus,
872 1671 1070 1715 eloquentia
1104 1671 1250 1705 medius.
1284 1670 1330 1712 n,
1354 1668 1420 1712 34,
1447 1669 1484 1705 3.
1515 1669 1646 1711 Cicero,

244 1732 286 1762 ut
309 1727 386 1761 vita
409 1727 547 1768 clarus,
579 1727 632 1761 ita
656 1727 798 1772 ingenio
822 1730 1004 1765 maximus.
1053 1727 1172 1769 Tacit.
1196 1728 1286 1762 Anu.
1304 1727 1351 1769 11,
1368 1726 1403 1770 6,
1427 1726 1504 1762 init.
1535 1738 1645 1762 naves

239 1786 375 1830 planae
398 1785 538 1818 carinis.
570 1783 657 1818 ibid.
680 1796 710 1818 c.
735 1785 794 1828 33,
826 1786 903 1821 init.
935 1798 1025 1821 vasa
1057 1798 1144 1822 auro
1174 1786 1319 1828 solida3·
1339 1795 1370 1819 c.
1392 1783 1452 1819 34.
1486 1795 1521 1829 p.
1549 1785 1645 1820 med.

247 1844 408 1878 Tiberius
439 1843 644 1887 compositus
677 1854 747 1879 ore.
795 1842 873 1878 Liv.
904 1845 979 1887 VII,
1006 1843 1064 1886 10,
1087 1843 1122 1878 ⁷.
1157 1853 1279 1887 corpus
1300 1841 1547 1887 magnitudine
1569 1841 1644 1876 exi-

244 1902 372 1944 mium,
417 1900 517 1935 cuius
559 1900 701 1946 generis
742 1900 846 1944 plura
885 1902 1046 1946 exempla
1079 1899 1391 1935 Drakenborchius
1431 1899 1566 1934 notavit
1597 1898 1644 1934 ad

244 1960 283 2002 1,
299 1958 359 2002 9,
386 1958 443 1993 11.
483 1957 679 2002 Quomiuus
713 1960 833 1991 tamen
866 1957 960 1992 hanc
1003 1961 1219 1994 structuram
1249 1956 1311 1992 hic
1340 1957 1547 2001 probemus,
1581 1968 1644 1991 co-

245 2017 366 2052 dicum
401 2017 516 2051 obstat
546 2015 583 2050 in
615 2015 764 2060 vulgata
808 2014 1100 2049 consentientium
1142 2014 1345 2049 auctoritas.
1367 2032 1414 2039 —-
1458 2015 1642 2050 obtulerat

246 2086 357 2120 neque
379 2086 421 2110 ac
446 2075 524 2119 fuit
546 2076 668 2108 contra
701 2084 838 2107 morem
860 2072 1016 2115 dictum3
1047 2076 1222 2118 exspectes
1245 2073 1340 2107 enim
1374 2073 1499 2108 obtulit
1518 2076 1554 2107 et
1577 2078 1643 2108 cst.

244 2135 301 2170 Ad
331 2132 609 2178 plusquamperf.
654 2134 689 2166 et
720 2131 809 2176 perf.
848 2130 1084 2165 excusandum
1121 2130 1234 2175 possis
1267 2130 1404 2174 dicere,
1446 2133 1641 2174 auctorem,

244 2191 463 2237 digressione
499 2191 542 2224 de
573 2188 705 2224 caussis
736 2190 980 2223 Romanorum
1003 2188 1256 2234 magnitudinis
1279 2190 1397 2231 facta,
1426 2187 1642 2235 cogitatione

246 2250 292 2285 ad
315 2249 419 2283 illum
442 2248 561 2282 locum
592 2247 730 2290 redire,
762 2246 825 2280 ubi
850 2246 1008 2280 Caesaris
1036 2249 1071 2280 et
1093 2246 1237 2281 Catonis
1259 2245 1436 2282 orationes
1458 2246 1641 2290 retulerat,

245 2319 332 2351 quos
366 2306 420 2341 ita
450 2318 506 2340 res
537 2306 671 2340 obtulit.
730 2304 801 2339 Sed
839 2307 879 2338 ut
909 2314 1032 2338 eorum
1061 2309 1229 2338 naturam
1262 2308 1297 2338 et
1332 2315 1444 2338 mores
1460 2305 1639 2349 *aper-iret,

244 2363 411 2399 non‘illis
435 2363 670 2405 orationibus,
705 2362 764 2396 sed
789 2362 1004 2407 digressione
1034 2360 1234 2396 admonitus
1264 2363 1336 2402 est;
1366 2372 1489 2396 rursus
1519 2364 1639 2396 autem

245 2422 500 2467 digressionem
523 2420 695 2465 instituit,
727 2423 767 2454 ut
798 2419 841 2453 de
864 2419 1010 2453 illorum
1041 2418 1185 2464 ingenio
1216 2421 1251 2452 et
1273 2417 1432 2452 moribus
1460 2406 1638 2461 disputare

244 2483 374 2525 posset.
423 2480 543 2522 Quare
565 2489 673 2522 quum
698 2478 828 2512 falsum
851 2476 908 2519 sit,
939 2489 1011 2511 rem
1035 2477 1117 2511 illos
1139 2476 1235 2510 viros
1258 2474 1448 2517 obtulisse,
1468 2474 1636 2519 suspicor,

245 2537 455 2573 Sallustium
479 2535 606 2569 callide
639 2535 834 2570 orationem
864 2534 916 2569 ita
947 2534 1158 2577 institui-sc,
1193 2537 1231 2567 ut
1254 2533 1422 2573 lectores»,
1453 2530 1483 2565 si
1506 2535 1634 2576 posset,

245 2597 399 2636 celaret,
433 2594 527 2627 lianc
560 2592 603 2626 de
627 2586 787 2627 Caesaris
811 2595 846 2626 et
877 2592 1016 2626 Catonis
1039 2591 1182 2637 ingenio
1205 2588 1473 2634 disputationem
1495 2588 1636 2634 long-ius

244 2653 392 2699 petitam
427 2661 540 2695 neque
581 2649 668 2687 satis
700 2650 885 2685 commode
916 2649 1113 2686 narrationi
1150 2649 1199 2684 ,de
1228 2645 1414 2693 ,muniendis
1445 2644 1636 2682 coniuratis
1678 2664 1686 2667 »
