1754 2964
220 147 307 189 31⁰
588 144 637 187 G.
678 143 1016 188 SALLUSTI
1053 140 1281 189 CRISPI

159 263 213 305 16
226 262 345 307 Nam
387 262 436 306 in
478 261 593 323 fuga
637 263 828 307 salutem
875 277 1085 321 sperare,
1131 274 1273 321 quum
1327 277 1478 321 arma,
1514 265 1619 324 quis

227 369 394 413 corpus
427 356 621 415 tegitur,
668 355 726 399 ab
759 353 966 398 hostibus
1006 355 1243 411 avorteris,
1290 370 1345 399 ea
1389 370 1499 402 vero
1535 357 1619 402 de-

161 449 215 490 17
227 446 393 490 mentia
427 453 505 491 est.
576 446 772 506 Semper
816 446 864 489 in
907 445 1084 504 proelio
1129 461 1392 491 maxumum
1435 453 1507 492 est·
1532 462 1618 507 pe-

226 538 446 594 riculum,
500 538 580 597 qui
623 552 835 600 maxume
878 537 1060 591 timent;
1114 537 1306 583 audacia
1357 554 1444 598 pro
1490 553 1621 584 muro

163 635 215 676 18
227 628 434 674 habetur.
505 631 664 686 Quum
706 644 787 675 vos
833 629 1097 696 considero,
1148 630 1337 688 militeS,
1391 636 1448 676 et*
1481 647 1621 691 quum

228 721 350 772 facta
387 728 536 766 vostra
572 728 803 777 aestumo,
849 736 1017 781 magna
1060 735 1135 778 me
1169 737 1270 782 spes
1303 723 1517 770 victoriae
1551 730 1623 771 te-

166 819 216 859 19
230 819 318 857 net.
400 813 614 872 Animus,
673 819 817 870 aetas,
870 814 1008 859 virtus
1054 819 1207 857 vostra
1250 829 1327 859 me
1370 814 1622 871 hortantur,

227 911 467 965 praeterea
519 905 832 962 necessitudO,
890 921 1009 965 quae
1065 905 1201 957 etiam
1257 906 1443 952 timidos
1497 907 1625 952 fortis

226 1072 334 1106 quam
357 1060 551 1106 exoptatis,
580 1061 642 1097 sed
673 1060 749 1096 sine
781 1060 909 1106 quibus
932 1062 1059 1098 melior
1088 1061 1248 1098 condicio
1270 1062 1391 1108 parari
1413 1075 1483 1098 non
1504 1062 1626 1109 possit,

227 1119 448 1162 liberemini,
479 1119 630 1156 audacia
660 1131 747 1165 opus
779 1125 843 1155 est.
899 1121 1064 1155 Tellerus
1093 1119 1207 1167 igitur
1235 1122 1366 1156 mirum
1398 1125 1569 1166 qnantum
1603 1132 1627 1156 a

227 1188 313 1211 vero
335 1178 539 1222 aberravit,
570 1179 632 1224 qui
663 1180 751 1213 haec
785 1179 935 1222 omisso,
970 1180 1108 1223 supplet
1140 1181 1204 1214 illa
1227 1181 1342 1224 foeda
1373 1186 1479 1225 atque
1501 1181 1626 1214 intole—

227 1236 367 1278 randa,
399 1237 493 1281 quod
524 1242 668 1282 propter
698 1243 940 1283 antegressum
972 1237 1060 1271 haec
1083 1238 1182 1272 nullo
1206 1239 1311 1274 modo
1333 1238 1412 1272 fieri
1433 1241 1556 1281 potest.
1580 1256 1624 1262 —-

229 1294 415 1340 Deinceps·
439 1299 517 1340 post
550 1291 662 1330 nemo'
684 1295 878 1341 supplenda
908 1298 960 1330 est
992 1296 1084 1330 enim
1117 1296 1312 1340 particula,
1345 1296 1389 1329 de
1419 1304 1489 1339 quo
1522 1306 1558 1329 v.
1582 1295 1627 1329 ad

230 1346 391 1395 clxvn,
408 1352 443 1388 7.
468 1357 503 1387 et
526 1353 584 1395 Li,
605 1353 641 1388 2.

327 1413 361 1455 §-
396 1411 539 1446 16-17.
606 1412 684 1457 quis
717 1411 861 1456 corpus]
918 1410 1027 1447 Godd.
1068 1404 1143 1445 fere
1180 1421 1302 1445 omnes
1341 1412 1458 1445 tenent
1494 1410 1627 1454 quibus,

231 1473 370 1514 praeter
393 1468 494 1504 Rivii
518 1471 554 1503 et
575 1470 749 1512 Merseb.‚
784 1469 845 1514 qui
876 1468 1112 1512 antiquiorem
1144 1467 1360 1515 pronominis
1383 1467 1538 1501 formam
1561 1467 1627 1501 ha-

231 1527 325 1561 bent.
343 1548 387 1554 —
420 1527 551 1562 Statim
581 1531 660 1572 post
682 1539 746 1573 pro
769 1539 813 1563 eoe
845 1539 927 1562 vero
953 1527 1072 1561 Guelt.
1095 1525 1132 1561 5.
1164 1526 1306 1560 exhibet
1326 1524 1370 1559 ea
1396 1535 1502 1566 vera,
1533 1525 1627 1568 qnod

233 1583 379 1628 languet
408 1596 495 1628 prae
525 1586 685 1631 vulgata.
740 1587 828 1620 Vero
858 1585 1019 1632 graviter
1048 1582 1252 1619 affirmandi
1275 1586 1446 1626 potestate
1476 1582 1629 1627 positum

233 1641 491 1676 illustravimus
514 1643 560 1677 ad
584 1655 613 1678 c.
633 1644 810 1686 xxxvn,
826 1644 860 1678 4.
877 1663 925 1669 -
964 1645 1109 1687 Semper
1131 1642 1168 1675 ἰπ
1194 1642 1328 1686 proelio
1352 1652 1552 1675 maz-umam
1578 1646 1630 1676 est

231 1700 425 1744 periculum
471 1700 632 1735 Curtium
675 1706 710 1736 et
752 1701 984 1737 Gerlachium
1024 1698 1150 1734 secuti.
1177 1698 1402 1744 scripsimns3
1442 1698 1555 1744 vulgo
1586 1699 1630 1733 it'r

236 1760 315 1801 post
335 1757 467 1801 proelio
491 1758 654 1802 additur,
686 1760 746 1794 sed
771 1759 982 1795 Sallustium
1015 1767 1210 1803 pronomen
1241 1768 1310 1790 non
1340 1755 1520 1801 scripsisse
1550 1755 1632 1790 inde

238 1817 356 1858 patet,
389 1815 482 1858 quod
504 1827 571 1860 pro
594 1818 639 1850 iis
662 1818 766 1852 multi
790 1818 891 1853 codd.
922 1821 1042 1852 tenent
1065 1816 1142 1858 his,
1177 1814 1244 1850 alii
1267 1815 1358 1858 illis,
1390 1813 1456 1848 alii
1477 1814 1533 1847 Ιιίε
1554 1818 1633 1857 post

233 1874 451 1918 periculum5
482 1885 570 1908 vera.
601 1879 721 1909 autem
753 1875 906 1911 auctoris
936 1885 1062 1908 manus
1093 1875 1239 1907 servata
1270 1875 1383 1908 exstat
1423 1871 1459 1905 in
1489 1865 1574 1906 Bas.
1596 1871 1628 1905 l.

238 1930 320 1965 Sen.
344 1931 377 1965 1.
415 1931 520 1966 Fabr.
541 1933 575 1967 1.
592 1933 628 1967 2.
662 1933 748 1968 Ecc.
772 1937 807 1967 et
831 1932 949 1967 Guelf.
965 1931 1000 1966 2.
1037 1930 1098 1975 qui
1129 1930 1222 1963 nihil
1252 1928 1425 1964 eiusmodi
1457 1929 1502 1962 ab
1525 1928 1631 1962 inter—

239 1988 459 2034 polatoribns
480 1990 625 2027 habent.
671 1991 727 2025 Dc
750 1991 1023 2024 demonstrativo
1045 1988 1270 2033 pronomine,
1294 1998 1364 2021 non
1386 1985 1529 2027 eodem,
1561 1997 1632 2029 quo

239 2048 430 2082 relativum
452 2049 605 2093 positum
629 2051 693 2091 est,
712 2049 773 2083 sed
789 2048 861 2083 alio
878 2060 962 2083 casu
985 2046 1191 2092 supplendo,
1209 2044 1364 2081 diximus
1381 2045 1425 2078 ad
1447 2044 1631 2091 c.XLll,2.

240 2109 275 2140 et
298 2107 473 2150 XXXVII,
491 2106 527 2141 3.
568 2106 712 2141 Addidit
743 2106 882 2142 Cottius
918 2105 995 2140 Liv.
1026 2104 1155 2146 xxm,
1183 2100 1242 2146 15,
1268 2102 1304 2138 4.
1332 2103 1497 2148 praemia
1527 2107 1634 2146 atque

243 2164 410 2207 honores,
443 2166 504 2211 qui
535 2170 757 2200 remanerent
789 2177 830 2199 ac
860 2166 1015 2199 militare
1053 2173 1166 2197 secum
1196 2161 1407 2202 voluissent,
1441 2160 1632 2206 proposuit,

241 2222 287 2256 ad
317 2234 422 2266 quem
452 2222 571 2257 locum
605 2223 872 2258 Drakenborch.
891 2227 899 2232 ”
913 2222 1024 2256 multa
1065 2219 1161 2256 Livii
1200 2219 1362 2263 exempla
1404 2222 1440 2253 et
1482 2217 1635 2252 aliorum

239 2280 450 2323 scriptorum
485 2280 634 2325 interpp.
667 2281 837 2315 laudavit.
887 2281 1046 2314 Eandem
1078 2290 1155 2313 rem
1189 2278 1309 2324 tetigit
1339 2276 1447 2323 etiam
1470 2275 1636 2310 Bremius

242 2337 289 2372 ad
311 2337 399 2381 Nep.
424 2338 598 2373 Tliemist.
616 2340 681 2381 lx,
701 2340 735 2373 1.
771 2342 806 2373 et
829 2338 874 2372 ad
897 2337 1002 2372 Dion.
1025 2338 1115 2380 vul,
1132 2336 1165 2371 4.
1197 2356 1243 2363 -—
1289 2337 1468 2371 Habetur*
1481 2345 1552 2369 uon
1584 2335 1637 2367 est

222 2386 411 2440 ⁷putatur,
432 2395 495 2429 sed
519 2401 571 2431 est
594 2397 653 2430 vel
672 2397 889 2441 possidetur,
914 2400 954 2430 ut
976 2395 1128 2429 diximus
1152 2394 1197 2429 ad
1219 2406 1250 2429 c.
1272 2395 1302 2438 1,
1322 2393 1357 2428 4.

338 2454 372 2495 §-
396 2452 454 2489 18.
502 2455 680 2499 aestumo]
715 2453 804 2489 octo
827 2454 929 2488 codd.
953 2455 1047 2498 apud
1071 2452 1232 2487 Curtium
1256 2453 1434 2492 existumo,
1458 2448 1559 2492 quod¹
1573 2458 1636 2480 cur

245 2509 284 2543 h.
308 2509 333 2543 l.
358 2510 442 2545 ferri
464 2516 615 2554 nequeat
637 2511 860 2555 exposuimus
883 2512 928 2546 ad
952 2523 982 2546 c.
1003 2512 1095 2552 vm,
1116 2511 1150 2545 2.
1182 2511 1262 2544 coll.
1282 2511 1324 2553 ll,
1346 2509 1381 2544 8.
1400 2526 1446 2532 -
1481 2506 1538 2539 Me
1562 2515 1637 2548 ‘pes

247 2566 391 2611 plurimi
424 2571 565 2602 tuentur
585 2569 722 2612 ‘codd.;
754 2568 790 2604 in
815 2569 932 2605 Guelf.
949 2568 984 2604 7.
1002 2568 1039 2604 8.
1071 2566 1112 2603 ἄ
1127 2568 1212 2602 Bas.
1236 2571 1288 2601 est
1319 2578 1368 2610 sp.
1393 2575 1427 2599 υ.
1450 2574 1506 2597 me
1529 2567 1637 2603 tenet,

247 2623 310 2668 qui
347 2625 537 2660 verborum
569 2627 656 2662 ordo
687 2628 840 2667 deterior
873 2631 928 2663 est
959 2628 1124 2672 vulgato,
1167 2637 1250 2660 nam
1283 2627 1477 2670 pronomen
1507 2620 1638 2655 rectius

249 2681 388 2717 mediae
411 2683 563 2721 orationi
587 2683 839 2733 interponitur3
871 2696 905 2719 v.
938 2695 1046 2730 supra
1068 2685 1115 2721 ad
1137 2686 1170 2728 §.
1189 2684 1224 2719 4.
1250 2686 1286 2718 et
1308 2682 1352 2717 ad
1375 2682 1404 2724 1,
1429 2680 1463 2718 1.
1509 2681 1635 2716 Immo-
