1754 2964
243 190 331 232 soe
610 184 1300 245 c.sA1,1.-th‘r1cR1s1’1

246 303 440 348 advorsa
476 301 616 358 fient,
650 317 800 362 neque
843 303 974 348 locus
1016 318 1166 364 neque
1202 305 1372 351 amicus
1406 305 1642 366 quisqnam

179 402 230 443 11
245 402 392 456 teget,
428 410 564 454 quem
601 410 726 439 arma
769 409 861 439 non
894 396 1098 441 texerint.
1169 397 1437 454 Praeterea,
1465 399 1642 455 milites,

242 502 333 532 non
388 486 548 549 ealdem
604 486 735 531 nobis
792 493 838 532 et
891 487 978 533 illis
1039 489 1323 536 necessitudo
1385 490 1642 551 impendet;

242 571 325 622 nos
369 587 458 636 pro
504 577 675 636 patria,
718 586 808 637 pro
851 575 1084 635 libertate,
1136 591 1226 641 pro
1268 581 1360 627 vita
1404 589 1640 639 certamus,

242 670 326 715 illis
345 682 746 728 ‘supervacaneum
788 675 856 713 est
897 683 1106 731 pugnare
1149 685 1238 732 pro
1283 673 1489 733 potentia
1520 689 1640 736 pau-

175 769 229 811 12
243 776 413 808 corum.
485 759 592 816 Quo
628 758 844 806 audacius
873 762 1194 822 aggredimini,
1229 779 1454 811 memores
1486 765 1639 826 pristi-

183 966 185 970 .
332 920 365 961 ς.
390 915 530 951 11-12.
577 927 646 951 non
670 912 794 951 eadem
817 918 915 952 ηοῦῐε
939 923 974 954 et
997 920 1067 955 illis
1088 920 1306 956 necessitudo
1329 920 1525 967 impendet]
1556 919 1636 956 Non

238 975 403 1010 viderunt
433 975 544 1019 intpp.
577 984 731 1019 zeugma
767 977 1028 1018 quodammodo
1058 978 1120 1012 hic
1149 978 1296 1021 haberi,
1328 991 1438 1024 quum
1460 980 1636 1025 impendet

237 1046 308 1068 non
330 1038 405 1068 tam
430 1033 475 1067 ad
498 1031 674 1066 Catilinae
704 1032 947 1077 adversarios,
979 1046 1085 1079 quam
1117 1035 1163 1070 ad
1193 1035 1306 1071 socios
1336 1035 1413 1072 eins
1442 1037 1636 1082 pertineat3

238 1102 322 1125 nam
345 1102 463 1125 sensus
487 1090 627 1135 planior
657 1090 718 1124 hic
743 1095 816 1125 est:
851 1102 943 1135 quae
965 1094 1062 1128 nobis
1093 1094 1268 1139 impendet
1290 1094 1535 1137 necessitudo,
1565 1094 1636 1128 illis

237 1152 336 1184 nulla
367 1154 429 1184 est.
486 1148 594 1183 Haud
636 1147 818 1182 dissimilis
849 1154 902 1183 est
943 1151 1039 1185 locus
1071 1163 1103 1186 c.
1129 1153 1196 1195 LI,
1225 1152 1283 1188 22.
1318 1153 1382 1188 ubi
1412 1164 1446 1188 V.
1468 1172 1517 1178 ——
1559 1152 1636 1186 mis

238 1217 535 1253 supervacaneum
559 1211 623 1250 est,
648 1205 672 1239 ἰ.
696 1217 727 1240 e.
752 1206 807 1240 illi
831 1218 898 1240 non
922 1209 1028 1243 modo
1047 1210 1114 1244 tuti
1137 1214 1230 1253 sunt,
1251 1211 1481 1255 omniumque
1501 1220 1633 1252 rerum,

237 1268 365 1312 quibus
388 1277 452 1301 nos
475 1276 634 1310 egemus,
658 1263 800 1308 copiam
823 1265 967 1310 habent,
994 1267 1055 1300 sed
1079 1267 1169 1301 haec
1192 1269 1279 1303 adeo
1302 1268 1374 1303 illis
1396 1271 1572 1313 superant,
1594 1270 1635 1302 ut

236 1325 343 1360 etiam
367 1335 432 1369 pro
451 1322 533 1359 aliis
556 1333 718 1368 pugnare
740 1321 884 1366 possint.
914 1323 1028 1358 Aliter
1053 1325 1227 1359 Damius:
1251 1326 1348 1369 „illis
1370 1326 1462 1362 nihil
1484 1325 1633 1361 necessi-

236 1383 339 1425 tatis,
364 1393 475 1426 neque
496 1380 660 1415 utilitatis
684 1383 756 1421 est,
786 1391 852 1423 pro
882 1391 918 1424 p.
948 1392 984 1426 p.
1018 1393 1199 1429 pugnare,
1230 1388 1336 1428 atque
1366 1395 1410 1419 eo
1445 1384 1586 1419 facilius
1610 1394 1634 1418 a

234 1440 336 1475 nobis
359 1439 518 1483 superari
540 1440 726 1483 possunt.“
777 1437 848 1472 Sed
865 1437 952 1472 huic
975 1440 1198 1483 explicationi
1221 1444 1297 1476 tum
1319 1441 1375 1477 vis
1397 1441 1496 1477 vocis
1511 1451 1634 1487 super—

234 1510 325 1540 nae„
348 1502 423 1532 tum
450 1496 633 1541 sequentia
656 1495 766 1530 verba
789 1495 928 1530 obstare
951 1496 1126 1533 vitientur.
1145 1514 1190 1525 -
1213 1499 1325 1535 Multi
1344 1500 1446 1534 codd.
1467 1510 1634 1545 pugnare

234 1559 312 1599 post
332 1566 524 1600 paucorum
546 1555 698 1595 habent,
721 1564 791 1597 quo
818 1552 874 1587 vis
895 1553 1005 1589 huius
1041 1555 1140 1591 verbi
1163 1557 1268 1591 valde
1289 1557 1454 1592 imminui
1482 1557 1632 1592 videtur.

235 1615 429 1648 Paucorum
450 1613 643 1658 potentiam
668 1623 747 1644 cum
773 1610 907 1646 invidia
930 1612 1022 1655 dici,
1048 1613 1221 1649 monitum
1244 1617 1298 1649 est
1319 1615 1418 1650 ad'c.
1437 1615 1632 1658 XXXVIII,

233 1673 267 1706 1.
290 1688 337 1697 -ι-
367 1672 439 1706 Pro
462 1671 705 1717 aggredimini
726 1668 846 1703 maior
869 1669 969 1704 codd»
994 1681 1077 1714 pars
1100 1671 1209 1706 hahet
1232 1673 1520 1718 aggrediamini,
1543 1684 1633 1718 quos

234 1729 445 1764 Gerlachius
477 1733 615 1762 secutus
646 1732 710 1762 est.
766 1726 838 1761 Sed
879 1727 1112 1772 imperativus
1151 1730 1351 1766 vehementi
1381 1731 1527 1777 acrique
1561 1732 1632 1766 Ca-

231 1787 354 1822 tilinae
377 1786 530 1821 oratinni
553 1785 670 1830 magis
694 1785 875 1828 convenit,
908 1787 1003 1830 quod
1033 1786 1172 1821 Curtius
1203 1799 1343 1831 quoque
1370 1788 1499 1830 sensit,
1530 1799 1630 1823 com-

230 1857 360 1891 parans
394 1857 424 1880 c.
455 1845 534 1887 XX,
561 1844 618 1877 16.
650 1844 728 1887 Iug.
755 1843 798 1880 Χ,
826 1842 862 1877 8.
896 1844 992 1885 XIV,
1018 1843 1079 1879 25.
1122 1845 1250 1888 xxiv,
1275 1845 1333 1880 10.
1365 1846 1539 1889 LXXXV,
1565 1846 1626 1880 47.

232 1903 432 1947 Abruptum
454 1912 540 1935 vero
568 1899 712 1934 dicendi
741 1910 876 1944 genus,
907 1912 979 1945 quo
1004 1901 1217 1936 Gerlachius
1240 1903 1450 1939 Commentt.
1482 1914 1520 1947 p-
1543 1903 1625 1938 152.

230 1961 481 2006 imperativum
502 1957 645 1994 defendi
665 1968 768 2001 posse
790 1956 972 1999 censebat,
1003 1958 1167 2001 equidem
1190 1958 1293 1994 video
1314 1961 1464 1995 nullum.

320 2022 355 2062 ς.
382 2018 441 2053 13.
491 2017 589 2052 licuit
609 2014 728 2058 vobis]
753 2013 810 2048 lta
833 2013 1039 2057 scripsimus
1062 2027 1105 2049 ex
1128 2015 1249 2050 Leidd.
1269 2017 1313 2050 B.
1335 2017 1374 2052 G.
1393 2018 1438 2058 I).
1457 2017 1501 2052 E.
1520 2018 1565 2053 G.
1579 2018 1625 2053 K,

229 2076 313 2112 Bas.
339 2077 374 2111 2.
399 2076 436 2110 3.
468 2077 575 2111 Bern-
603 2072 637 2106 3.
666 2071 701 2106 4.
735 2075 772 2107 et
801 2071 964 2115 pluribus
996 2072 1164 2116 Gruteri;
1198 2072 1236 2109 in
1267 2074 1411 2111 relicuis
1440 2079 1494 2111 est
1515 2077 1625 2118 nobis,

228 2135 321 2180 quod
345 2134 532 2178 quominus
555 2131 738 2166 reiicerem
769 2140 884 2174 neque
906 2130 1023 2165 maior
1045 2131 1143 2165 codd.
1169 2143 1358 2175 numerus,
1377 2124 1625 2179 neque·Cortii

229 2193 400 2228 iudicium
423 2189 626 2238 prohibuit,
661 2187 720 2232 qui
757 2187 862 2222 aliter
884 2191 1074 2224 statuentes
1107 2188 1290 2234 imperitos
1314 2194 1434 2234 vocat,
1457 2195 1493 2227 et
1514 2202 1625 2226 verae

228 2251 430 2296 elegantiae
446 2247 607 2285 Sallustii
631 2247 786 2292 ignaros,
800 2246 1012 2290 quaerentis,
1031 2246 1245 2290 ubicumque
1266 2247 1385 2292 possit,
1396 2259 1624 2294 personarum

230 2309 479 2351 mutationem,
511 2305 689 2342 Ciceronis
713 2304 821 2338 etiam
844 2305 1008 2349 exemplo
1032 2305 1076 2339 de
1097 2304 1411 2348 ofl·.1·1,16,56.
1445 2318 1625 2342 commen.

230 2367 362 2402 datam.
409 2367 464 2401 Ab
489 2376 572 2400 vero
596 2362 702 2398 etiam
726 2362 906 2397 aberravit
927 2362 1095 2403 Dahlius,
1119 2363 1216 2396 nobis
1239 2373 1283 2396 eo
1304 2363 1505 2407 defendens,
1528 2365 1622 2410 quod

231 2437 260 2458 c.
285 2435 313 2458 s.
336 2429 360 2458 t.
386 2424 424 2458 in
455 2424 556 2457 exilio
581 2425 735 2456 aetatem
764 2431 894 2466 agere
910 2419 957 2454 ad
985 2431 1106 2457 omnes
1128 2420 1324 2465 pertineat,
1347 2425 1388 2456 ut
1409 2421 1562 2456 Catilina
1583 2431 1622 2455 ec

231 2482 275 2516 iis
300 2482 426 2517 debeat
458 2490 710 2520 annumerare,
741 2479 877 2512 alienas
906 2488 991 2513 vero
1021 2489 1105 2523 opes
1137 2488 1229 2522 exsp„
1265 2477 1431 2522 quoniam
1462 2478 1620 2514 nonnulli

229 2542 368 2574 tantum
389 2539 569 2578 dicantur,
603 2540 782 2572 auctorem
813 2538 907 2569 recte
940 2536 1097 2575 secunda
1114 2535 1165 2569 uti
1188 2546 1347 2579 persona.
1393 2535 1463 2570 Sed
1486 2535 1517 2570 si
1540 2535 1619 2580 quiin

228 2599 377 2641 reputet,
402 2596 606 2639 catilinam,
630 2599 670 2630 ut
691 2604 772 2629 suos
796 2593 877 2627 odio
900 2592 1069 2638 impleat,
1091 2604 1161 2627 non
1184 2597 1258 2628 tam
1282 2593 1326 2626 de
1348 2603 1424 2635 sua,
1444 2601 1551 2636 quam
1576 2595 1620 2628 da

225 2655 369 2691 illorum
386 2654 506 2700 potius
529 2651 733 2688 condicione
751 2650 870 2686 dicere
891 2651 1032 2693 debere,
1056 2654 1091 2685 et
1107 2661 1231 2685 revera
1253 2649 1380 2691 dicere,
1401 2651 1617 2693 potuistis—-

225 2712 424 2750 decrevistis
445 2731 491 2739 —-
513 2711 637 2754 voltis,
665 2709 702 2746 ei
731 2709 884 2756 vulgata
915 2720 989 2745 non
1019 2708 1235 2752 satisfaciet,
1266 2706 1474 2753 praesertim
1506 2719 1617 2753 quum
