1754 2964
226 153 313 195 156
591 147 640 189 C.
679 145 1015 188 SALLUSTI
1052 146 1281 189 CRISPI

226 266 376 312 studio
411 270 646 324 permota,
692 269 769 307 aut
802 263 1011 322 superbia
1044 263 1410 324 magistratuum,
1445 270 1616 310 armata

183 366 211 407 4
228 375 254 404 a
295 357 498 418 patribus
545 355 735 400 secessit.
815 355 880 400 At
923 369 1006 400 nos
1050 369 1141 399 non
1182 355 1424 415 imperium
1467 371 1615 415 neque

228 450 402 495 divitias
436 449 657 508 petimus,
699 462 893 504 quarum
937 462 1086 491 rerum
1130 460 1285 492 caussa
1322 447 1449 492 bella
1480 454 1616 506 atque

226 542 471 589 certamina
506 538 656 584 omnia
698 539 814 583 inter
846 539 1045 583 mortalis
1078 544 1200 595 sunt,
1235 538 1317 584 sed
1350 538 1623 597 libertatem5
1683 526 1687 535 ¹

225 649 364 693 quam
415 646 550 676 nemo
601 631 746 675 bonus
788 630 872 675 nisi
925 645 1030 675 cum
1074 631 1223 688 anima
1268 630 1401 677 simul
1444 630 1616 675 amittit.

181 730 209 772 5
223 727 298 771 Te
353 729 491 783 atque
536 722 750 766 Senatum
805 723 1102 778 obtestamur,
1160 722 1396 768 consulatis
1447 721 1618 766 miseris

227 818 426 870 civibus,
468 814 586 874 legis
625 812 924 872 praesidium,
973 814 1102 873 quod
1144 814 1350 873 iniquitas
1391 813 1617 859 Praetoris

228 909 414 970 eripuit,
461 906 721 962 restituatis,
771 921 885 950 neve
931 920 1031 950 eam
1073 907 1201 951 nobis
1246 905 1616 952 necessitudinem

227 999 481 1061 imponatis,
514 1004 566 1044 ut
599 1013 865 1056 quaeramus
891 1013 1091 1057 quonam
1118 997 1260 1044 modo
1291 981 1500 1043 maxume
1531 995 1617 1041 ulti

229 1093 492 1155 sanguinem
524 1096 722 1136 nostrum
763 1104 1013 1151 pereamuS.

227 1239 284 1273 Ita
307 1237 400 1282 quod
422 1236 608 1271 Sallustius
630 1236 716 1271 dicit
738 1247 800 1271 aes
817 1247 883 1282 pro
906 1240 1077 1282 argento,
1109 1235 1136 1273 i.
1158 1246 1191 1272 e.
1213 1245 1328 1271 assem
1353 1245 1420 1281 pro
1441 1230 1615 1274 sestertio,

228 1307 253 1331 a
274 1295 407 1331 Velleio
430 1296 607 1340 quadrans
630 1296 754 1340 capitis
781 1297 938 1328 vocatur.

321 1357 354 1396 §.
380 1353 415 1388 3.
464 1365 488 1387 a
507 1354 666 1398 patribus
687 1352 859 1397 secessit]
893 1352 1050 1387 Eandem
1071 1362 1147 1386 rem
1170 1351 1284 1397 tangit
1305 1352 1384 1396 Iug-
1405 1348 1536 1389 xxm,
1554 1346 1614 1381 1⁷.

227 1414 265 1447 et
285 1412 434 1457 Fragm.
465 1411 619 1446 llistorr,
642 1411 672 1453 Ι,
700 1409 735 1444 8.
767 1410 894 1454 quibus
927 1409 1014 1444 locis
1044 1410 1144 1454 plebs
1174 1408 1229 1443 bis
1262 1407 1444 1442 secessisse
1472 1405 1614 1440 dicitur.

225 1471 403 1505 Incertum
425 1472 554 1512 tamen,
577 1469 717 1503 easdem
739 1468 778 1502 h.
801 1468 827 1501 l.
850 1470 885 1502 et
907 1468 1054 1513 Fragm.
1076 1467 1169 1502 nist.
1194 1466 1256 1508 111,
1276 1465 1335 1507 22,
1351 1466 1385 1501 1.
1408 1462 1617 1499 secessiones

226 1530 370 1571 spectet,
393 1537 439 1561 an
461 1527 593 1570 plures,
617 1537 706 1570 quas
727 1525 930 1570 interpretes
953 1526 1156 1567 laudarunt,
1180 1523 1369 1568 intelligat.
1389 1539 1435 1548 -—·
1461 1521 1612 1555 Amata

227 1596 311 1618 cum
333 1585 441 1618 verbo
478 1585 615 1618 secessit
647 1583 928 1629 coniungendam
958 1594 1034 1617 esse
1063 1582 1200 1617 Cottius
1234 1585 1329 1616 recte
1359 1578 1468 1620 vidit,
1506 1587 1616 1621 quum

227 1646 352 1684 antea,
376 1641 483 1676 etiam
507 1642 602 1686 apud
624 1640 945 1685 Havercampium,
978 1640 1023 1675 ad
1045 1649 1254 1685 praegressa
1283 1637 1494 1673 traheretur.
1535 1634 1617 1675 ‚Eo-

229 1700 310 1734 dem
332 1700 437 1734 modo
468 1700 621 1744 positum
644 1703 696 1734 est
719 1702 754 1733 et
777 1698 815 1733 in
848 1697 1011 1733 Sallustii
1039 1698 1128 1732 locis
1158 1695 1332 1739 laudatis,
1365 1697 1401 1728 et
1421 1692 1514 1736 apud
1537 1690 1616 1726 Liv.

226 1759 290 1800 111,
319 1756 377 1799 5⁰,
411 1756 465 1791 15.
504 1769 547 1792 ac
572 1759 670 1792 Flor.
699 1758 728 1798 Ι,
757 1756 815 1791 23.
843 1775 888 1782 -
931 1759 965 1799 9.
994 1754 1029 1790 5.
1073 1766 1152 1789 eam
1189 1754 1286 1788 nobis
1329 1750 1616 1787 necessitudinem

228 1827 310 1850 cum
351 1815 541 1850 Gerlachio
584 1815 828 1855 exhibuimus3
876 1813 1015 1848 Cottius
1054 1814 1151 1847 nobis
1199 1811 1309 1847 trium
1349 1808 1511 1843 codicum
1549 1816 1618 1850 ope

228 1874 422 1917 expulerat,
446 1885 526 1907 cum
543 1885 675 1919 magno
697 1871 847 1914 numeri,
871 1871 991 1915 aliquo
1009 1871 1117 1905 etiam
1140 1867 1330 1903 sententiae
1347 1865 1615 1905 detrimento.—

229 1930 362 1965 Statim
393 1936 471 1975 post
500 1932 745 1967 revocavimus
786 1930 978 1975 vulgatum
1018 1929 1209 1962 verborum
1248 1922 1408 1958 ordinem
1452 1929 1615 1954 masuam

229 1988 318 2030 ulti,
340 1999 433 2032 qnae
456 1988 596 2028 (lortius
619 2000 663 2022 ex
685 1999 755 2022 uno
788 1987 868 2021 Vin.
901 1987 952 2028 1„
982 1985 1041 2020 cui
1063 1988 1180 2019 tamen
1211 1984 1331 2025 postea
1361 1983 1431 2014 tres
1461 1977 1525 2019 alii
1555 1987 1615 2011 ao-

230 2049 416 2088 cesserunt,
439 2049 711 2090 transposuerat,
735 2045 865 2079 collato
894 2056 925 2078 c.
953 2043 1067 2084 XXII,
1089 2040 1125 2075 3.
1158 2043 1193 2075 et
1215 2039 1273 2081 LI,
1301 2037 1360 2072 28.
1390 2035 1453 2071 ubi
1482 2033 1618 2079 paritet

229 2102 448 2146 paucissimis
487 2105 587 2140 codd.
627 2102 873 2139 adiuvantibus
912 2101 1102 2139 verborum
1141 2096 1302 2142 ordinem
1330 2092 1462 2128 invexit
1490 2091 1617 2136 inlpe-

230 2160 354 2194 destris
394 2161 563 2196 orationis
601 2161 770 2206 scriptore
805 2159 903 2195 haud
943 2156 1174 2203 probandum.
1229 2152 1313 2188 Alia
1350 2150 1443 2188 ratio
1476 2148 1618 2184 ,videtur

229 2219 419 2257 verborum
452 2224 534 2264 post
568 2221 708 2264 paullo,
753 2219 797 2253 de
828 2216 955 2262 quibus
985 2214 1072 2249 dixit
1103 2213 1150 2248 ad
1178 2211 1259 2256 lug.
1287 2209 1375 2250 cvl,
1399 2207 1456 2249 3.;
1486 2204 1617 2250 quippe

227 2278 349 2321 paullo
384 2276 421 2311 in
451 2278 521 2312 hac
553 2281 727 2312 structura
759 2273 988 2321 appositionis
1017 2270 1092 2306 vim
1123 2270 1278 2310 obtinet3
1321 2265 1368 2301 cf.
1400 2263 1614 2299 Ramehom-

231 2335 364 2377 §.191
395 2335 425 2379 1,
455 2335 490 2377 2,
515 2335 551 2370 b.
582 2346 619 2379 p.
646 2334 726 2369 627.
774 2333 935 2368 murima
963 2330 1158 2365 verborum
1193 2330 1272 2371 post
1300 2322 1422 2369 paullo
1452 2318 1614 2363 exempla

230 2392 404 2437 congessit
425 2393 603 2427 Drakenb.
628 2393 674 2426 ad
696 2391 774 2426 Liv.
792 2391 871 2434 XX,
890 2389 949 2432 60,
968 2388 1028 2424 16.
1053 2386 1154 2421 Caes·
1177 2384 1223 2421 B·
1246 2382 1287 2417 c·
1302 2381 1333 2424 19
1347 2379 1407 2424 a),
1421 2377 1457 2414 ⁴¹·
1487 2376 1615 2414 Nm‘a'

231 2448 305 2483 Cat.
327 2450 452 2492 xvlll,
468 2449 502 2486 3.
524 2451 602 2495 lug.
625 2449 751 2492 LXXI,
769 2447 804 2483 5.
827 2447 981 2488 LXXIV,
1000 2445 1035 2480 1.
1460 2466 1487 2488 τ.

322 2507 484 2542 XXXIV.
537 2509 570 2550 §.
602 2506 636 2541 1.
697 2505 896 2550 respondit]
938 2501 1078 2538 eortius
1116 2499 1189 2533 hoe
1228 2495 1401 2534 verbum,
1443 2489 1537 2537 qnod
1575 2488 1615 2524 in

233 2567 352 2602 Guelf.
370 2565 427 2600 11.
450 2568 486 2599 et
507 2563 669 2598 Arondel.
692 2563 814 2605 abest,
837 2561 952 2597 eiecit.
999 2558 1071 2594 Sed
1091 2551 1302 2599 ollermg'iffl
1331 2549 1418 2586 ⁸⁰3⁸ss
1446 2549 1614 2584 ⁰bfflV8·

232 2626 296 2667 vit,
317 2624 380 2658 ubi
402 2623 456 2658 ita
479 2621 724 2666 interrogetur,
746 2623 788 2656 ut
808 2628 1012 2665 responsum
1030 2617 1187 2661 petatur,
1208 2610 1246 2645 id
1264 2609 1387 2643 abesse
1409 2618 1477 2665 non
1493 2616 1614 2652 posse3

233 2687 354 2719 contra
384 2679 422 2716 in
454 2678 626 2717 familiari
658 2689 839 2721 sermone,
867 2675 906 2712 in
936 2671 1145 2719 disputando
1179 2671 1284 2713 atque
1313 2664 1536 2710 Quum,
1569 2672 1614 2698 ω
