1754 2964
251 163 340 205 320
379 134 417 184 ⁴'
618 157 1045 203 c.sA1.1.us'r1
1085 161 1319 204 cmsm

390 276 489 324 LX.
557 275 654 322 Sed
698 276 780 320 ubi
834 275 1043 320 omnibus
1090 278 1227 323 rebus
1274 279 1515 340 exploratis
1557 284 1651 330 Pe—

251 370 387 415 treius
419 366 531 414 tuba
569 368 748 429 signum
784 367 887 426 (lat,
932 367 1133 414 cohortis
1166 371 1407 430 paullatim
1440 373 1651 422 incedere

206 473 237 512 2
254 463 423 519 iubet,
450 462 576 506 idem
611 460 723 506 facit
765 459 966 505 hostium
1007 462 1238 508 exercitus.
1308 464 1558 526 Postquam
1593 483 1650 513 eo

250 546 439 600 ventum
483 559 572 609 est,
618 551 745 618 unde⁴
787 568 815 596 a
857 553 1107 598 ferentariis
1148 555 1377 615 proelium
1431 561 1651 606 committi

248 652 429 707 posset,
474 659 688 690 maxumo
735 644 938 691 clamore
983 661 1088 692 cum
1138 647 1310 694 infestis
1356 651 1493 713 signis
1537 669 1648 700 con-

209 745 237 787 3
253 744 462 797 currunt,
504 739 602 799 pila
649 738 881 796 omittunt,
925 739 1089 800 gladiis
1134 755 1206 786 res
1248 743 1438 803 geritur.
1507 745 1650 792 Vete-

249 898 311 933 det
333 898 379 933 ad
404 898 574 932 amussim
598 897 791 932 vernaculo
812 896 1017 942 persdraich.
1063 896 1195 937 Melius
1218 900 1406 937 contuleris
1427 901 1507 949 Ing.
1523 903 1600 948 Lu,
1614 904 1649 940 1.

246 958 373 992 summi
395 957 466 991 viri
488 956 690 998 certabant,
715 956 810 1000 ipsi
829 967 956 1000 pares,
981 958 1133 991 ceterum
1155 954 1276 1002 opibus
1298 960 1508 1005 disparibus.

340 1016 416 1050 Lx.
465 1017 499 1058 §.
523 1015 558 1049 1.
607 1015 762 1048 omnibus
793 1014 917 1058 rebus]
950 1015 1148 1060 Vulgatum
1176 1019 1258 1051 ante
1281 1017 1443 1053 Curtium
1477 1018 1648 1062 ordinem,

246 1085 355 1118 quem
385 1074 494 1119 longe
524 1072 671 1117 plurimi
709 1072 809 1106 codd.
850 1075 1012 1115 tuentur,
1055 1084 1139 1107 cum
1172 1073 1366 1110 Gerlachio
1409 1065 1648 1120 restituimus}

246 1131 312 1167 ille
341 1143 384 1166 ex
415 1131 538 1174 paucis
577 1129 766 1174 scripserat
807 1130 879 1165 reb.
913 1143 1025 1174 omn„
1067 1130 1181 1179 quod,
1222 1143 1333 1176 quum
1370 1133 1564 1169 sententiae
1592 1134 1650 1170 vis

246 1190 422 1226 adiectivo
452 1186 692 1231 contineatur,
740 1186 850 1222 etiam
880 1189 950 1223 hoc
981 1189 1125 1225 nomine
1164 1193 1305 1234 recepto
1339 1190 1463 1226 ordine
1496 1191 1648 1227 deterius

243 1254 310 1284 est.
330 1267 377 1275 -—
410 1249 511 1282 Iubet
537 1248 710 1282 Gruterus
736 1247 892 1281 deletum
914 1248 1092 1290 malebat,
1121 1250 1164 1282 ut
1193 1247 1337 1294 singula
1367 1249 1495 1284 melius
1517 1249 1649 1285 cohae-

241 1309 373 1342 rerent.
419 1305 597 1341 Nimirum
620 1317 690 1340 nou
715 1305 984 1349 assequebatur,
1017 1315 1109 1350 quae
1131 1306 1177 1339 ad
1207 1306 1388 1350 protasia,
1418 1319 1578 1352 quaeque
1600 1309 1647 1344 ad

243 1362 415 1408 upodosiu
438 1363 663 1407 pertinerent,
687 1363 724 1398 id
748 1363 841 1407 quod
866 1362 975 1398 etiam
995 1362 1170 1408 plurimos
1204 1375 1248 1398 ex
1269 1365 1524 1402 recentioribus
1545 1366 1647 1401 vide-

240 1425 301 1457 tur
332 1416 498 1463 latuisse,
535 1425 707 1465 quantum
738 1432 782 1455 ex
814 1432 989 1465 perversa
1036 1420 1317 1465 interpunctione
1357 1423 1487 1459 coniici
1518 1428 1644 1468 potest.

240 1480 335 1517 Nam
357 1479 434 1514 fere
457 1489 578 1513 omnes
599 1483 680 1524 post
702 1479 767 1514 dat
789 1479 1002 1522 semicolon,
1035 1482 1116 1524 post
1138 1470 1234 1513 iubet
1264 1479 1367 1516 colon
1389 1481 1449 1516 vel
1470 1480 1581 1524 adeo,
1604 1486 1645 1518 ut

240 1538 435 1578 ΜιὶΙΙεηιε,
458 1541 629 1580 puuctum
651 1537 804 1580 habeut,
837 1549 908 1582 quo
931 1537 994 1580 fit,
1018 1541 1058 1572 ut
1079 1536 1193 1572 verba
1216 1537 1291 1574 coh.
1321 1527 1539 1583 paemene.
1570 1540 1642 1575 iub.

239 1595 415 1641 apoduein
435 1594 573 1630 faciant
594 1594 774 1639 priorum,
797 1606 889 1640 quae
913 1599 1034 1630 autem
1056 1598 1249 1639 sequuntur
1270 1595 1402 1632 novum
1423 1597 1641 1633 enunciatio-

238 1666 324 1690 nem
346 1652 568 1688 constituant.
617 1652 689 1687 Sed
713 1657 753 1688 ut
774 1654 928 1698 probum
961 1653 1055 1689 foret
1082 1654 1144 1688 ubi
1167 1654 1293 1689 Petr.
1327 1647 1516 1701 sigrium
1549 1657 1642 1698 dat,

237 1713 454 1747 cohortes
483 1711 597 1756 paull.
628 1711 909 1755 procedunt,
942 1710 995 1746 ita
1024 1711 1128 1755 plane
1159 1710 1321 1756 ineptum
1344 1717 1415 1749 θεῖε
1449 1714 1510 1748 ubi
1545 1713 1641 1748 Petr.

238 1771 334 1816 sig-n.
366 1769 473 1810 dat,
504 1769 661 1803 cohortes
687 1780 784 1814 proc.
817 1769 968 1804 iubet.
1015 1769 1156 1805 Cortius
1186 1768 1320 1815 igitur,
1352 1771 1503 1806 sentiens
1535 1781 1642 1815 quam

236 1826 464 1864 incommode
494 1826 564 1861 isto
587 1826 694 1860 modo
717 1827 813 1861 iubet
836 1827 882 1861 ad
917 1839 1165 1873 praegressum
1187 1828 1254 1863 dat
1274 1829 1470 1870 referatur,
1494 1827 1642 1863 contulit

239 1886 309 1922 Sil.
339 1885 446 1928 XIII,
472 1883 554 1919 112.
600 1884 683 1918 dat
714 1884 920 1929 signum,
955 1890 1061 1931 atque
1093 1886 1215 1920 alacer
1244 1897 1362 1922 muros
1396 1885 1640 1921 transcendere

239 1945 345 1980 scalis
365 1944 584 1988 imperat.
630 1942 728 1976 Curt.
743 1942 804 1986 111,
823 1941 858 1985 8,
881 1942 941 1978 23.
973 1944 1114 1989 iamque
1144 1944 1290 1978 tertium
1321 1944 1503 1989 signum
1526 1942 1640 1977 tuba

239 2005 340 2038 miles
370 2005 647 2046 acceperat,
683 2004 889 2044 strenueque
922 2001 1042 2035 iussi
1077 1996 1286 2045 procedere,
1322 2006 1558 2046 pervenerunt
1591 2001 1639 2034 ud

239 2061 440 2108 angustias.
506 2058 643 2104 Quibus
677 2057 846 2102 exemplis
890 2069 973 2092 curn
1006 2061 1127 2092 nostro
1161 2058 1374 2103 comparatis
1406 2062 1503 2102 patet
1543 2059 1638 2092 iubet

237 2120 372 2165 pariter
403 2121 509 2163 atque
541 2117 626 2159 dat,
650 2116 706 2151 ⁴ab
728 2116 790 2150 ubi
818 2116 993 2160 particula
1016 2119 1162 2161 aptum,
1186 2116 1233 2152 ad
1263 2116 1421 2162 protasin
1450 2116 1639 2160 pertinere,

236 2178 291 2213 ita
321 2180 361 2212 ut
391 2175 430 2211 in
474 2173 621 2219 apodosi
652 2174 768 2208 hostes
800 2173 942 2209 Petreio
985 2177 1218 2218 opponantur.
1271 2173 1514 2211 Nihilominus
1547 2175 1638 2209 Ger—

235 2234 377 2270 lachius
399 2232 560 2268 Coi-'tium
581 2231 730 2267 ridicule
759 2231 854 2267 iubet
887 2231 1084 2266 defendisse
1105 2231 1213 2275 ‹licit3
1245 2233 1307 2273 sed
1330 2228 1470 2274 videat,
1493 2224 1540 2266 ne
1561 2231 1638 2276 ipse

235 2293 386 2328 ridicule
408 2290 524 2337 egerit
544 2290 635 2325 haec
658 2293 846 2325 annotans:
871 2289 1072 2332 „Gruterus
1094 2290 1208 2325 falsus
1231 2294 1295 2332 est,
1318 2289 1381 2335 qui
1403 2289 1441 2324 in
1465 2289 1637 2335 oppositis

236 2350 332 2396 apud
355 2349 569 2385 Sallustium
594 2348 764 2390 eandem,
797 2358 906 2391 quam
930 2347 967 2382 iu
991 2346 1160 2382 Cicerone
1174 2374 1184 2389 ‚
1209 2341 1464 2392 aequalitatem
1492 2357 1637 2393 expres-

234 2420 313 2444 sam
356 2407 518 2453 putavit,
558 2418 668 2451 quum
709 2406 799 2441 Sall.
836 2406 978 2440 consilio
1013 2405 1052 2439 in
1082 2406 1211 2441 talibus
1254 2406 1447 2440 orationem
1479 2406 1634 2440 variet.“

235 2467 342 2511 Quod
368 2465 439 2500 nisi
460 2465 531 2500 hoc
559 2469 614 2501 est
647 2464 811 2500 inanibus
842 2463 962 2498 verbis
993 2463 1067 2504 uti,
1110 2464 1267 2508 profecto
1298 2460 1418 2498 neseio
1449 2461 1533 2506 quid
1565 2459 1633 2494 isto

234 2524 376 2559 nomine
414 2523 561 2568 dignum
600 2523 659 2558 sit.
732 2522 861 2558 Nostro
900 2522 978 2556 Ioco
1017 2523 1113 2555 recte
1157 2520 1366 2565 explicando
1406 2521 1476 2554 hoc
1521 2527 1632 2552 unum

234 2582 433 2619 sufficiebat
466 2580 664 2624 monuisse,
702 2580 900 2617 orationem
930 2569 1140 2615 ἀσύνδεὲὸν
1171 2589 1266 2622 esse,
1297 2577 1424 2622 copula
1456 2578 1535 2620 post
1565 2575 1629 2610 dat

233 2651 419 2743 ‘'meg-2.
476 2701 618 2733 ventum
650 2696 727 2742 est]
776 2694 920 2733 Cottius
951 2698 1004 2730 est
1035 2693 1154 2730 Guelf.
1179 2692 1215 2728 6.
1240 2696 1277 2728 et
1299 2691 1334 2727 9.
1365 2693 1508 2727 secutus
1539 2688 1631 2725 omi-
