1754 2964
265 106 352 147 298
549 102 1061 154 .'C.,SALLUST1
1098 107 1326 154 cRISPI
1367 119 1379 153 ῖ-

264 220 385 264 venit
419 214 599 264 Romae
635 202 989 268 coniurationem
1025 226 1317 284 patefactam,
1352 227 1412 272 de
1445 227 1656 286 Lentulo,

264 310 503 372 Cethego,
540 313 723 372 ceteris,
759 329 872 373 quos
908 323 1044 375 supra
1077 319 1350 376 memoravi,
1385 320 1658 380 supplicium

262 410 506 464 sumptum,
541 406 776 465 plerique,
813 422 926 466 quos
962 408 1022 452 ad
1056 409 1230 455 bellum
1265 427 1368 471 spes
1402 413 1659 472 rapinarum

261 504 340 542 aut
394 512 611 542 novarum
666 515 816 543 rerum
862 499 1057 546 studium
1091 502 1325 560 illexerat,
1374 503 1658 560 dilabuntur3

257 589 451 635 relicuos
497 590 691 636 Catilina
732 606 819 651 per
860 594 1023 638 montis
1059 610 1244 655 asperos
1278 597 1454 657 magnis
1487 598 1656 643 itineri-

349 712 454 748 Lvll.
500 716 533 757 §-
558 713 592 748 1.
641 715 914 750 coniurationem
942 719 1187 762 patefactam]
1235 710 1352 754 Guelf.
1368 719 1412 757 ¹⁶¹1.
1439 719 1474 756 8.
1513 720 1592 757 Vin.
1619 721 1654 757 2.

255 773 291 804 et
313 773 382 804 tres
395 772 527 806 Wassii
550 774 786 808 coniuratione
805 770 1002 818 patefacta,
1028 776 1146 810 Cor-tio
1170 775 1286 810 iudice
1310 777 1407 811 haud
1429 774 1536 820 male,
1552 779 1655 823 quod

253 828 355 862 nobis
379 841 477 864 secus
500 831 660 872 videtui-3
685 831 756 865 isto
779 831 872 866 enim
894 833 1002 868 modo
1024 834 1119 878 quod
1143 834 1263 868 nuncii
1286 824 1539 880 gravissimum
1564 840 1652 879 erat,

254 898 394 931 quoque
417 889 492 922 solo
526 888 647 923 audito
680 901 801 924 omnes
825 890 952 925 timore
974 891 1120 935 percelli
1143 892 1328 934 debebant,
1350 892 1388 927 in
1411 893 1652 928 enunciatioue

251 945 461 980 secundaria.
483 946 679 990 delitescit,
713 948 820 992 vique
853 961 919 983 sua
949 950 1053 994 plane
1087 944 1298 999 destituitur.
1323 970 1369 977 —
1414 951 1545 986 Ceteris
1574 951 1650 986 siue

252 1003 383 1047 copula
411 1005 544 1040 habent
575 1005 682 1040 Fabr.
709 1006 744 1041 1.
771 1006 805 1041 2.
837 1008 907 1042 lnc.
924 1008 960 1042 2.
999 1009 1103 1043 Rem.
1120 1002 1154 1045 1.
1186 1010 1314 1044 Reuss.
1346 1008 1427 1043 sen.
1453 1007 1487 1043 2.
1518 1009 1647 1044 Franc.

250 1064 287 1094 et
311 1064 380 1095 tres
405 1062 524 1098 Guelf.
564 1063 606 1097 In
630 1064 753 1098 Guelf.
776 1076 861 1098 vero
881 1065 915 1100 6.
950 1069 1004 1100 est
1027 1071 1063 1101 et
1086 1067 1229 1110 ceteris,
1261 1066 1385 1102 relicui
1419 1066 1536 1102 tenent
1558 1072 1648 1103 eete-

250 1119 387 1164 risque,
421 1121 515 1164 quod
538 1133 649 1165 quum
672 1126 752 1156 ante
775 1123 936 1158 Cortium
965 1125 1153 1170 vulgatum
1184 1129 1273 1160 esset
1303 1124 1515 1160 Gerlachius
1545 1122 1647 1160 resti-

251 1177 339 1221 tuit,
371 1178 428 1212 cui
459 1180 554 1215 facto
586 1192 698 1225 neque
728 1181 828 1215 codd.
861 1182 999 1224 favent,
1029 1194 1142 1227 neque
1172 1182 1337 1228 loquendi
1364 1194 1470 1226 usus,
1501 1182 1546 1218 de
1577 1194 1647 1227 quo

249 1235 403 1270 diximus
432 1238 478 1272 ad
506 1250 537 1273 c.
559 1239 644 1281 XV,
671 1239 705 1273 1.
732 1258 780 1265 —·
817 1239 888 1274 Pro
921 1240 1063 1274 abducit
1095 1241 1201 1276 multi
1231 1241 1330 1276 codd.
1361 1242 1526 1284 adducit,
1557 1252 1648 1285 quae

249 1295 360 1329 verba
383 1295 518 1340 ubique
541 1297 616 1331 sere
638 1300 900 1341 permutantur,
937 1301 978 1332 ut
1011 1297 1165 1343 plurima
1188 1310 1270 1334 cum
1302 1299 1346 1332 ab
1370 1302 1406 1334 et
1428 1300 1477 1334 ad
1501 1310 1645 1344 compo-

240 1352 336 1396 -sita3
377 1353 476 1397 vide,
505 1366 593 1399 quos
628 1355 768 1390 eortius
799 1355 845 1389 ad
875 1356 979 1394 Catil.
1003 1357 1043 1398 L,
1063 1356 1098 1391 4.
1128 1356 1271 1398 laudat,
1302 1357 1569 1407 Broukhusium
1600 1358 1646 1391 ad

250 1411 385 1446 Tibull.
404 1413 431 1455 1,
448 1412 483 1455 2,
499 1412 558 1447 21.
590 1416 624 1447 et
647 1413 824 1448 Drakenb.
855 1414 901 1447 ad
925 1414 991 1450 Sil.
1016 1415 1085 1456 vl,
1099 1413 1181 1458 394·
1207 1415 1289 1449 coll.
1327 1426 1420 1460 quae
1447 1415 1645 1466 notavimus

250 1470 297 1504 ad
329 1471 409 1516 lug.
442 1471 543 1513 vul,
573 1470 608 1506 2.
650 1470 780 1506 Nostro
810 1474 928 1507 tamen
957 1473 1037 1507 loco
1074 1483 1144 1515 nou
1176 1472 1346 1518 dubium,
1384 1470 1469 1518 q‘uin
1502 1473 1643 1508 abducit

247 1539 372 1563 verum
403 1529 470 1572 sit,
507 1540 616 1573 quum
654 1529 764 1574 fugae
782 1557 786 1560 .
801 1528 899 1563 notio
941 1529 1157 1574 praevaleat.
1185 1549 1232 1556 -·
1274 1525 1485 1577 Peg-fugeret
1524 1542 1643 1565 omues

247 1590 364 1622 tenent
387 1588 488 1624 Bass.
514 1589 577 1622 Ac.
603 1587 708 1621 Rem.
729 1586 763 1622 2.
801 1588 872 1621 Inc.
902 1586 935 1623 1.
969 1587 1088 1622 StruV.
1123 1588 1241 1623 Guelf.
1266 1588 1300 1626 1.
1325 1588 1360 1623 4.
1385 1587 1421 1624 5.
1443 1587 1477 1625 6.
1501 1587 1560 1623 1⁰.
1583 1587 1640 1622 12.

247 1647 282 1678 et
316 1645 404 1679 Tur.
433 1644 489 1688 23
518 1647 751 1690 perfugerent
784 1648 837 1679 est
864 1644 902 1679 in
924 1646 1032 1681 Fabr.
1050 1645 1084 1681 1.
1103 1645 1139 1679 2.
1172 1646 1249 1680 Vin.
1269 1645 1305 1684 2.
1335 1647 1406 1682 luc.
1434 1645 1470 1682 2.
1504 1645 1586 1680 Seu.
1605 1645 1640 1680 2.

247 1696 367 1737 Guel‘f.
386 1703 420 1737 2.
439 1704 473 1739 3.
493 1704 528 1738 8.
562 1708 597 1738 et
630 1704 736 1738 Bern.
767 1702 821 1747 1.,
858 1703 953 1746 quod
990 1701 1199 1746 Gerlachius
1232 1703 1351 1739 Cottio
1382 1709 1572 1750 praeeunte
1603 1703 1641 1739 in

244 1763 380 1795 textum
420 1761 564 1806 recepit.
630 1760 701 1795 Sed
738 1764 987 1805 praeterquam
1027 1761 1121 1806 quod
1162 1772 1201 1795 re
1241 1761 1320 1806 ipsa
1357 1765 1393 1797 et
1433 1772 1641 1807 praegresso

244 1819 389 1854 abducit
411 1818 644 1864 intelligitur,
673 1818 801 1853 rectius
832 1818 954 1853 omnia
989 1819 1035 1853 ad
1068 1819 1182 1853 solum
1215 1819 1359 1863 ducem,
1393 1831 1500 1864 quam
1533 1819 1640 1854 simul

243 1877 290 1911 ad
314 1875 432 1921 copias
454 1877 604 1918 referri,
636 1888 679 1911 ex
710 1875 889 1910 erroribus
924 1875 1142 1919 scribarum,
1179 1877 1240 1921 qui
1271 1877 1308 1911 in
1343 1878 1462 1913 Guelf.
1490 1878 1524 1912 9.
1554 1869 1638 1922 Ρενὲ

237 1937 414 1980 fugerat,
446 1935 482 1970 in
507 1936 671 1969 Remens.
690 1933 724 1967 1.
756 1935 969 1978 profugerat
1000 1937 1211 1985 exararunt,
1242 1938 1338 1978 patet
1366 1935 1542 1979 pluralem
1571 1946 1639 1968 nu-

243 2005 383 2029 merum
399 1992 602 2028 aSallustio
620 2003 690 2026 non
712 1991 907 2035 profectum
932 2001 1020 2033 esse,
1045 1991 1104 2024 sed
1121 1993 1351 2026 librariorum
1374 1991 1637 2036 interpolatioui

242 2052 375 2088 deberi.
423 2045 604 2096 Bipontiui
627 2052 662 2084 et
682 2047 839 2094 bangius
863 2047 1046 2083 ediderunt
1063 2053 1307 2096 profugeret,
1331 2049 1476 2098 Tellero
1499 2061 1637 2097 quoque

241 2121 278 2155 p.
298 2109 381 2146 207,
413 2109 510 2146 haud
534 2108 774 2153 improbatum
808 2109 844 2141 et
864 2106 996 2142 Dahlio
1029 2106 1118 2142 adeo
1150 2108 1192 2142 ob
1216 2107 1505 2144 concinnitatem!
1538 2118 1635 2141 com-

241 2169 469 2211 mendatum3
501 2167 562 2202 sed
586 2178 649 2200 cur
671 2164 758 2199 ferri
781 2175 849 2198 non
873 2164 1003 2209 possit,
1033 2167 1172 2210 praeter
1194 2165 1361 2211 exiguam
1384 2164 1484 2199 codd.
1516 2164 1634 2207 fidem,

241 2209 454 2272 intelligitur
477 2237 518 2260 ex
543 2223 645 2258 dictis
668 2223 714 2258 ad
737 2234 767 2256 c.
792 2223 881 2265 LIV,
898 2221 933 2259 3.
953 2243 1000 2252 ··-
1028 2223 1113 2258 Post
1147 2223 1301 2259 Galliam
1330 2223 1492 2269 plerique
1514 2223 1634 2258 omnes

241 2284 318 2319 fere
342 2285 442 2319 codd.
474 2282 606 2319 addunt
637 2281 930 2325 Transalpinam,
964 2282 1058 2326 quod
1086 2281 1166 2316 inde
1189 2292 1210 2315 a
1235 2281 1355 2316 Cottio
1377 2292 1490 2327 paene
1512 2292 1632 2316 omnes

240 2341 453 2384 omiserunt,
485 2339 637 2375 ridiculo
671 2338 745 2372 eius
778 2343 987 2384 argumento
1010 2338 1196 2382 commoti,
1226 2339 1381 2374 Galliam
1406 2339 1444 2374 h.
1467 2339 1492 2376 l.
1529 2339 1631 2372 'Allo-

240 2398 389 2444 bragam
411 2404 544 2433 terram
565 2396 742 2442 intelligi,
776 2408 867 2440 quae
896 2409 964 2432 nou
997 2397 1043 2433 ad
1066 2396 1337 2441 Transalpinam
1366 2397 1428 2432 sed
1451 2397 1496 2431 ad
1518 2393 1628 2429 Cisal-

239 2455 360 2499 pinam
399 2456 582 2500 pertineat.
629 2455 690 2489 ·In
727 2465 797 2499 quo
838 2454 997 2498 dubites,
1036 2458 1156 2489 utrum
1196 2455 1313 2502 magis
1351 2453 1489 2489 mireris
1518 2449 1625 2485 Cortii

240 2524 418 2556 errorem,
451 2523 497 2548 an
520 2500 718 2548 ceterorum
740 2512 1004 2555 credulitatem,
1026 2512 1236 2567 All-abroges
1258 2512 1327 2548 sibi
1347 2506 1625 2556 persuadentium

239 2570 278 2605 in
313 2570 435 2605 Gallia
466 2571 647 2615 Cisalpina
677 2570 860 2614 habitare,
892 2570 953 2614 qui
983 2569 1021 2604 in
1051 2570 1306 2615 Transalpinae
1337 2578 1381 2602 ea
1410 2569 1534 2611 parte,
1566 2565 1624 2600 cui

240 2628 459 2666 Narbonensi
481 2640 621 2672 nomen,
645 2628 838 2674 dcgebant;
870 2628 918 2663 cf.
941 2627 1032 2664 Plin.
1067 2629 1114 2664 H.
1149 2628 1192 2663 N.
1211 2627 1276 2669 111,
1293 2625 1328 2660 3.
1351 2628 1434 2662 sect.
1457 2623 1491 2660 5.
1531 2623 1577 2659 T.
1593 2624 1621 2659 l.
