1754 2964
169 111 178 125 ⁴*
206 144 267 187 zo
359 191 363 194 ,
565 140 612 183 c.
642 137 995 184 sALnth'ri
1025 134 1254 185 cn1s1³1

170 263 197 307 6
218 262 340 303 aetas
375 255 624 302 ambitione
668 262 884 316 comlpta
924 248 1287 311 tenebatu133ac
1328 273 1430 316 me,
1464 275 1607 319 quum

205 349 265 395 ab
299 348 479 395 relicuis
517 349 645 394 malis
679 350 884 394 moribus
929 348 1234 409 dissentirem,
1269 349 1414 396 nihilo
1458 354 1605 399 minus

205 483 366 530 equidem
389 486 572 528 efferor
595 483 709 518 studio
725 488 846 528 patres
869 487 1003 518 vestros
1024 483 1178 517 videndi.
1204 483 1248 517 de
1270 482 1375 518 Finn.
1388 485 1430 529 V,
1441 485 1476 528 2,
1485 484 1520 522 5.
1542 499 1605 522 suo

205 542 298 577 enim
321 542 464 587 quisque
486 541 602 576 studio
627 542 779 575 maxime
804 541 954 576 ducitur.
999 535 1153 576 Meliora
1175 541 1356 586 praecepit
1375 543 1540 579 Bremius
1559 546 1605 579 ad

204 599 292 644 Nep.
317 600 397 634 Dat.
416 599 475 641 IV,
494 597 540 641 5„
567 597 696 641 quibus
719 599 809 633 adde
832 609 923 642 quae
945 599 1099 644 collegit*
1113 599 1286 639 Scheller.
1318 600 1356 635 in
1378 601 1462 636 Lex.
1485 602 1603 647 Ampl-

203 669 239 702 Ρ.
256 656 362 693 3793.
392 656 465 692 Cic.
489 667 525 699 p·
547 656 684 690 Cluent.
707 655 766 690 7⁰.
791 656 870 690 odio
890 656 996 698 ferri.
1026 655 1133 689 Tusa.
1143 652 1205 697 111,
1221 655 1260 689 5.·
1281 657 1423 692 libidine
1447 665 1511 694 aut
1529 661 1605 694 ira-

203 713 333 748 cundia
349 713 453 756 ferrt‘.
487 724 523 756 p.
550 712 669 757 Quint.
688 712 745 748 11.
777 713 934 749 avaritia
949 713 1054 756 ferri.
1103 713 1266 747 Studium
1287 718 1407 749 autem
1429 715 1606 761 iniquiore

204 782 308 806 sensu
330 782 395 814 pro
426 769 533 803 nimio
558 770 672 804 studio
705 770 816 804 habet
840 769 926 803 Ter.
953 770 1085 814 Hecyr.
1111 768 1213 816 Prol.
1234 769 1266 811 I,
1284 768 1321 806 4.·
1339 772 1488 815 populus
1512 777 1604 806 etu-

204 828 279 863 dio
304 827 463 872 stupidus
490 827 528 860 in
543 827 754 870 funambulo
780 827 938 860 animum
974 831 1174 871 occuparat.
1210 830 1246 861 et
1277 830 1397 862 noster
1419 829 1481 862 Fr.
1507 829 1602 865 Hist-

202 886 267 927 111,
285 885 344 927 11,
363 885 405 918 4.-
432 884 588 929 equidem
613 880 756 927 fateor,
789 897 843 920 me
868 885 928 921 ad,
948 885 1011 919 hoc
1038 885 1163 919 bellum
1194 884 1328 919 maiore
1358 886 1476 920 studio
1499 898 1605 932 quam

204 942 346 976 consilio
364 944 572 987 profectum.
619 942 689 976 Per
713 953 749 976 se
772 943 885 988 igitur
907 938 1015 986 patet,
1039 942 1154 986 ibique
1177 952 1247 974 non
1271 942 1317 975 ad
1341 944 1455 978 studio
1478 944 1606 979 referri

204 1011 327 1044 posse,
359 1002 399 1033 ut
423 999 593 1049 Tellerus
619 999 848 1043 opinabatur,
884 1000 944 1032 sed
976 999 1021 1032 ad
1053 987 1310 1042 rempublicam
1329 1001 1526 1045 pertinere,
1561 1013 1605 1037 eo

204 1057 323 1097 modo,
347 1068 452 1101 quem
476 1056 733 1092 illustravimus
758 1058 804 1091 ad
829 1055 956 1098 c.v,2.
990 1057 1070 1090 Hac
1093 1055 1326 1099 explicatione
1350 1057 1438 1094 inita
1461 1060 1605 1095 demum

203 1114 438 1160 intelligitur,
470 1114 554 1158 quid
585 1115 655 1149 sibi
686 1114 795 1149 velint
830 1114 950 1148 addita
980 1114 1089 1147 verba
1133 1114 1256 1156 initio,
1288 1114 1393 1149 sicuti
1422 1117 1580 1161 plerique
1589 1129 1604 1158 ,·

204 1176 298 1207 recte
334 1172 428 1206 enim
451 1172 588 1206 monuit
610 1173 863 1215 Frotscherus,
902 1171 1137 1206 temeritatem
1168 1182 1245 1204 esse
1276 1171 1432 1206 florentis
1465 1172 1604 1216 aetatis,

203 1230 427 1276 prudentiam
451 1229 737 1266 senescentis..-—
773 1231 933 1265 Adversa
957 1241 999 1264 ex
1022 1230 1149 1263 Incert.
1184 1232 1334 1272 utroque
1364 1241 1430 1273 pro
1453 1231 1603 1265 adversa

204 1300 288 1323 cum
311 1287 433 1323 Cottio
458 1291 494 1322 et
519 1287 710 1322 Gerlacbio
733 1287 920 1323 edidimus.
940 1308 986 1322 -,-
1018 1287 1306 1322 Adulescentulus
1328 1286 1437 1321 habet
1459 1288 1542 1324 Bas.
1565 1288 1601 1324 2.

203 1345 240 1381 4.
265 1346 358 1391 Teg.
392 1350 428 1381 et
450 1346 555 1380 nem.
589 1344 715 1380 reucui
739 1347 887 1382 adoles...
913 1346 960 1380 cf.
987 1335 1195 1380 schneideri
1218 1345 1379 1379 erasnm.
1403 1345 1480 1381 Lat.
1508 1346 1539 1391 1,
1566 1346 1602 1381 1.

203 1415 238 1449 p.
268 1402 327 1438 28.
375 1404 428 1438 De
450 1415 518 1437 usu
540 1403 639 1438 vocis
662 1414 696 1437 v.
722 1404 822 1441 ad'c.
844 1403 1036 1443 xxxvul,
1060 1402 1093 1436 1.
1119 1402 1246 1446 XLIX,
1264 1400 1299 1435 2.
1619 1392 1626 1397 ’

299 1464 333 1504 §.
357 1460 402 1503 5„
441 1462 484 1494 ab
514 1462 653 1495 relicuis
676 1461 780 1496 malis
802 1461 972 1506 moribus]
1010 1460 1113 1494 Bona
1145 1469 1228 1503 pars
1251 1458 1431 1494 codicum:
1461 1459 1507 1494 ab
1536 1470 1603 1494 re·-

206 1519 431 1554 1ieuorum
466 1519 571 1552 malis
593 1519 764 1561 moribus,
801 1529 892 1563 quae
922 1516 1075 1551 varietas
1105 1515 1244 1561 Langio
1279 1516 1442 1560 quidem,
1474 1516 1537 1562 qui
1565 1517 1603 1551 id

204 1580 349 1622 propter
371 1587 516 1620 sequens
539 1581 669 1610 ceteros
687 1577 866 1620 praefert,
897 1581 1036 1610 sensum
1058 1583 1128 1608 non
1144 1573 1293 1629 ‘variare
1315 1573 1475 1618 videtur,
1500 1584 1604 1618 prae-

205 1635 329 1670 sertim
353 1646 461 1679 quum
487 1633 646 1677 Curtius,
671 1633 921 1675 Kunbardtue,
945 1631 1030 1674 alii,
1063 1631 1123 1676 (ac
1146 1643 1258 1676 nuper
1280 1631 1492 1666 Gerlachius
1516 1642 1603 1676 quo—

205 1703 274 1738 que
310 1695 345 1726 et
377 1691 598 1737 Herzogius)
632 1691 828 1737 genitivum
861 1689 1069 1734 receperint.
1134 1688 1339 1723 Ablativum
1371 1688 1604 1722 exhibuerunt

204 1750 376 1795 Bipontt.‚
399 1752 476 1794 post
498 1749 694 1791 Mulierum
718 1749 779 1783 sed
802 1758 973 1789 caussam,
991 1758 1062 1780 vcur
1083 1746 1136 1781 ita
1153 1746 1376 1781 scribendum
1393 1745 1452 1788 sit,
1468 1744 1603 1789 primus

205 1808 367 1852 exposuit
399 1807 630 1840 Frotscberus
663 1808 687 1841 l.
710 1807 735 1840 l.
767 1818 801 1850 p.
825 1804 884 1839 24.
938 1803 1116 1839 Nimirum
1150 1804 1362 1847 Sallustius,
1403 1814 1512 1848 quum
1546 1801 1603 1838 sui

205 1867 286 1902 aevi
308 1865 398 1900 vitia
426 1867 681 1907 enumerasset,
705 1861 911 1904 audaciam,
931 1861 1176 1906 largitionem,
1200 1860 1407 1903 avaritiam,
1429 1871 1499 1894 non
1520 1862 1602 1904 pot-

205 1927 304 1966 erat,
335 1922 407 1957 suis
431 1922 588 1956 moribus
610 1920 850 1955 defensionem
872 1922 1081 1963 paraturus,
1106 1918 1242 1960 dicere,
1267 1928 1304 1952 se
1327 1917 1373 1951 ab
1395 1917 1602 1951 relicuorum

205 1981 311 2017 malis
335 1981 471 2015 artibus
489 1980 657 2021 alienum,
679 1977 871 2013 ambitione
894 1980 1031 2012 tantum
1053 1979 1256 2020 corruptum
1278 1974 1408 2017 fuisse3
1432 1973 1485 2009 ita
1507 1973 1602 2008 enim

207 2039 356 2076 ambitio
378 2049 447 2072 non
471 2048 656 2071 commune
679 2035 859 2078 omnium,
904 2035 966 2069 sed
997 2033 1065 2078 ipsi
1088 2032 1271 2077 proprium
1301 2031 1429 2066 vitium
1466 2031 1600 2066 fuisset.

206 2098 370 2139 Accedit,
394 2096 488 2140 quod
510 2093 554 2128 in
570 2092 637 2128 tali
660 2086 854 2134 sententia,
877 2091 962 2126 licet
984 2092 1029 2125 ab
1055 2090 1208 2125 auctoris
1231 2093 1348 2124 mente
1371 2089 1602 2130 alienissima,

207 2167 278 2190 non
307 2156 515 2190 relicuorum
547 2152 608 2186 sed
641 2149 756 2195 potius
787 2155 977 2184 ceterorum
1011 2148 1233 2182 scribendum
1264 2147 1404 2190 fuisset,
1435 2146 1602 2190 quoniam

207 2225 278 2248 non
302 2211 466 2248 omnibus
499 2210 641 2251 omnia,
679 2208 740 2243 sed
769 2207 850 2243 aliis
875 2206 949 2242 alia
971 2203 1053 2240 sunt
1075 2206 1183 2248 vitia3
1207 2206 1345 2240 relicuis
1367 2208 1484 2240 autem
1506 2207 1602 2239 recte

208 2272 337 2312 habet,
362 2269 460 2313 quia
499 2266 730 2303 ambitionem
764 2264 869 2299 malis
902 2263 1084 2307 moribus,
1116 2275 1204 2307 quos
1243 2261 1527 2307 vituperaverat,
1562 2260 1601 2295 in

209 2340 321 2364 unum
344 2325 444 2372 quasi
468 2323 728 2369 comprehensis
751 2321 905 2366 opponit.
938 2321 993 2354 De
1014 2321 1271 2355 wocabulorum
1295 2319 1402 2354 cetera·
1423 2321 1458 2355 et
1479 2318 1601 2353 relicui

208 2386 411 2422 discrimine
433 2395 468 2418 V.
492 2385 631 2417 doctam
656 2381 735 2414 Car.
760 2378 881 2413 Beieri
915 2377 1248 2413 commentationem
1277 2376 1316 2410 in
1339 2369 1504 2410 Seebodii
1525 2374 1599 2409 Mi-

208 2446 309 2481 scell.
334 2443 424 2478 critt.
455 2442 533 2477 Vol.
551 2441 580 2476 1.
615 2439 658 2473 P.
676 2438 711 2472 1.
742 2449 778 2482 p.
798 2436 879 2473 181.
890 2463 899 2479 ,
933 2436 995 2480 qui
1016 2435 1199 2469 verissime
1220 2431 1361 2474 docuit,
1386 2432 1493 2466 ceteri
1515 2431 1598 2476 dici,
1638 2474 1641 2475 ⁷

208 2501 297 2545 ubi,
330 2500 390 2545 qui
413 2500 564 2538 restant,
597 2495 730 2540 singuli
760 2493 976 2538 cogitentur,
1001 2493 1124 2527 relicui
1145 2494 1284 2530 autem,
1308 2489 1370 2523 ubi
1393 2500 1513 2524 omnes
1537 2488 1599 2532 qui

209 2560 394 2604 supersunt
425 2558 463 2590 in
485 2565 591 2589 unum
614 2551 971 2596 comprehendantur,
1011 2548 1161 2597 singulis
1191 2546 1404 2592 cogitatione
1435 2558 1503 2580 non
1526 2547 1600 2580 dis-

208 2615 325 2652 cretis.
380 2613 461 2650 Non
485 2611 568 2647 satis
591 2614 708 2645 tamen
730 2609 879 2654 probare
902 2607 1041 2640 videtur
1062 2606 1194 2640 Ludov.
1222 2603 1450 2639 Doederlinus
1480 2603 1597 2648 Syno-

203 2685 303 2722 nym
327 2672 405 2709 Lat.
429 2670 534 2708 Τοιιι
555 2666 742 2713 1.p.183.
790 2667 891 2712 Quae
913 2668 1031 2701 autem
1054 2661 1254 2709 Herzogius
1278 2662 1323 2698 ad
1349 2661 1449 2698 Caes.
1473 2661 1516 2696 Β.
1544 2661 1594 2697 G.
