1754 2964
256 142 342 183 124
601 137 1028 182 &SALLUSTI
1060 140 1334 185 CRISPI*

253 269 463 315 sperans,
509 254 544 298 si
577 253 837 315 designatus
881 254 1019 310 foret,
1064 255 1198 303 facile
1232 273 1282 303 se
1315 272 1371 303 ex
1401 258 1632 306 voluntate

203 352 233 392 2
253 347 453 393 Antonio
495 361 690 392 usurum.
759 345 919 404 Neque
961 347 1129 414 interea
1173 349 1347 407 quietus
1390 357 1507 408 erat,
1530 323 1632 396 ⁴sed

254 439 462 485 omnibus
514 437 661 483 modis
702 436 880 481 insidias
934 440 1125 497 parabat
1166 439 1387 488 Ciceroni.
1474 435 1634 501 Neque

253 529 323 576 illi
354 536 506 575 tamen
537 529 598 574 ad
633 528 881 574 cavendum
915 529 1046 576 dolus
1093 537 1170 575 aut
1209 533 1392 579 astutiae
1426 533 1633 588 deerant3

209 627 237 668 3
261 637 457 680 namque
490 637 518 665 a
550 620 775 681 principio
809 621 1060 666 consulatus
1082 622 1163 678 sui,
1196 624 1337 668 multa
1370 625 1635 685 pollicendo

253 728 339 773 per
390 712 624 768 Fulviam,
690 711 926 770 effecerat,
982 717 1033 756 ut
1087 712 1146 768 Q.
1190 713 1374 776 Curius,
1430 717 1490 762 de
1539 732 1632 776 quo

254 805 411 864 paullo
461 810 564 850 ante
604 804 874 860 memoravi,
919 803 1103 849 consilia
1147 804 1366 853 Catilinae
1407 808 1490 856 sibi
1522 823 1638 868 pro-

206 901 237 943 4
259 896 412 950 deret3
454 895 515 943 ad
561 895 655 943 hoc
698 896 926 958 collegam
967 910 1096 942 suum
1139 898 1384 945 Antonium
1425 899 1637 962 pactione

255 1063 376 1089 sensus
398 1051 492 1086 enim
514 1051 611 1086 haud
643 1052 748 1087 dubie
769 1053 832 1088 bic
854 1056 922 1088 este
953 1064 1062 1098 quum
1083 1054 1149 1090 has
1180 1066 1238 1091 res
1270 1055 1408 1100 (arma,
1438 1054 1636 1100 pecuniam,

255 1110 385 1154 socios)
408 1113 658 1154 comparasset,
682 1111 845 1156 Catilina,
873 1123 1084 1158 quamquam
1104 1114 1280 1157 superiore
1301 1125 1414 1155 anno,
1445 1112 1637 1156 (Ciceronis

256 1168 476 1212 competitor)
508 1169 682 1212 repulsam
705 1171 856 1214 tulerat,
889 1169 1120 1204 nihilominus
1151 1169 1188 1203 in
1211 1182 1420 1214 proxumum
1454 1181 1512 1205 an.
1541 1180 1636 1204 cous.

255 1225 407 1269 petebat.
455 1225 511 1259 lta
533 1226 675 1260 demum
704 1232 841 1262 constat
863 1228 1084 1262 nihilominus
1113 1227 1309 1272 particulae
1331 1228 1405 1273 vis,
1435 1240 1506 1273 qua
1526 1226 1643 1273 signi--

255 1282 384 1317 fiuntur
432 1282 584 1326 aliquid,
613 1285 708 1327 quod
742 1284 851 1318 alicui
884 1285 938 1328 rei
959 1285 1247 1330 impedimentum
1278 1287 1405 1321 afferre
1436 1286 1636 1328 videbatur,
1702 1328 1706 1329 ⁷

255 1339 442 1384 quominus
463 1339 528 1375 illa
549 1340 649 1375 fieret
669 1352 739 1376 non
773 1341 966 1385 obstitisse3
989 1347 1132 1387 paratae
1154 1343 1247 1377 enim
1269 1341 1516 1379 coniurationis
1538 1353 1636 1386 opes,
1654 1379 1658 1382 ,

256 1397 301 1431 de
321 1397 448 1441 quibus
469 1397 672 1442 interpretes
693 1398 911 1443 cogitarunt,
943 1412 1012 1435 non
1033 1404 1192 1444 poterant
1213 1401 1402 1446 Catilinam
1425 1401 1469 1434 de
1490 1399 1637 1444 petendo
1686 1420 1691 1424 -

252 1455 441 1489 consulatu
462 1455 656 1497 deterrere;
678 1454 804 1491 infelix
822 1460 940 1492 autem
960 1458 1088 1502 prioris
1111 1458 1288 1503 petitionis
1310 1468 1489 1494 successus
1511 1467 1638 1501 quam-

256 1522 366 1556 quam
398 1511 526 1547 merito
566 1513 741 1548 deterrere
770 1525 852 1549 eum
884 1515 1051 1559 debebat,
1080 1519 1199 1552 tamen
1231 1526 1296 1561 pro
1325 1516 1475 1551 audacia
1504 1524 1571 1550 sua.
1603 1516 1641 1550 ά

255 1567 473 1614 impudentia
494 1582 565 1605 non
586 1571 762 1606 dubitavit
785 1576 915 1616 petere.
1684 1602 1691 1609 .

349 1629 383 1670 ς.
406 1626 442 1661 2.
487 1627 585 1663 dola„
607 1634 671 1664 aut
693 1630 869 1676 astutiae]
910 1630 988 1666 Non
1010 1642 1080 1676 qno
1109 1630 1148 1666 in
1170 1630 1330 1666 fraudem
1350 1630 1552 1672 induceret,
1573 1628 1637 1665 sed

257 1686 299 1719 ut
321 1683 510 1728 depelleret
531 1686 704 1722 fraudem.
757 1688 867 1722 Dolus
893 1688 1008 1733 enim,
1039 1690 1132 1734 qnod
1163 1689 1373 1735 interpretes
1397 1689 1471 1724 iam
1493 1690 1640 1723 annota-

257 1745 361 1785 runt,
392 1742 531 1777 mediae
561 1743 826 1789 significationis
858 1750 912 1781 cst
953 1748 1190 1792 vocabulum,
1228 1747 1337 1782 etiam
1376 1758 1441 1791 pro
1484 1745 1640 1780 sollertia

258 1799 434 1844 positum,
457 1804 543 1835 teste
565 1801 681 1836 Gellio
700 1803 778 1846 ΧΠ,
795 1803 831 1839 9.
860 1807 898 1839 et
918 1805 1071 1849 Ulpiano
1108 1806 1217 1851 Digg.
1241 1805 1301 1849 lv,
1318 1805 1353 1840 3.
1383 1803 1445 1848 qui
1474 1803 1560 1837 scite
1589 1801 1641 1837 ita

260 1856 431 1901 disputat:
456 1862 615 1900 „veteres
637 1859 758 1893 dolum
781 1860 886 1895 etiam
909 1861 1041 1896 bonum
1062 1863 1225 1897 dicebant
1249 1867 1284 1897 ct
1305 1873 1369 1906 pro
1392 1860 1548 1896 sollertia
1569 1860 1641 1893 hoc

259 1925 387 1950 nomen
410 1915 646 1961 accipiebant,
667 1917 824 1952 maxime
845 1918 875 1952 si
907 1920 1073 1954 adversus
1094 1921 1234 1955 hostem
1263 1921 1478 1954 latronumve
1511 1915 1640 1960 aliquis

259 1973 519 2008 machinetur.“
575 1975 725 2010 Comma
747 1979 825 2019 post
858 1977 979 2019 dolus,
1004 1978 1097 2021 quod
1119 1978 1156 2012 in
1179 1977 1355 2022 plerisque
1376 1975 1538 2010 omuibus
1559 1973 1636 2009 edi-

260 2030 416 2066 tionibus
453 2034 529 2075 est,
568 2043 650 2067 cnm
684 2033 873 2068 Gerlachio
914 2035 1126 2076 delevimus,
1164 2034 1248 2079 quia
1284 2031 1501 2069 substantiva
1544 2033 1642 2066 arcte

262 2088 462 2124 cohaerent.
507 2088 598 2124 Nam
621 2095 686 2125 aut
715 2091 908 2135 particula,
940 2093 1048 2127 semel
1077 2092 1212 2137 posita,
1243 2103 1311 2126 non
1332 2101 1468 2135 semper
1489 2088 1643 2125 excludit

261 2146 412 2180 alterum
434 2147 666 2190 vocabulum,
695 2149 755 2182 sed
777 2149 884 2183 etiam
905 2151 1010 2184 rebus
1031 2161 1101 2184 non
1123 2161 1252 2195 genere
1273 2150 1335 2183 sed
1356 2148 1472 2192 specie
1493 2146 1642 2181 diversis

262 2204 514 2249 coniungendis
535 2197 742 2246 adhibetur-i
764 2206 810 2240 cf.
834 2207 1006 2253 Heusing.
1031 2209 1077 2242 ad
1101 2207 1173 2242 Cic.
1198 2206 1271 2241 Off.
1290 2207 1350 2248 111,
1366 2205 1424 2247 13,
1441 2205 1477 2239 8.
1490 2216 1640 2250 quaero,

261 2273 345 2295 num
367 2262 406 2296 id
427 2263 555 2297 iniuste
587 2268 650 2298 aut
677 2264 829 2308 improbe
854 2264 1012 2307 fecerit?
1058 2264 1183 2300 Noster
1212 2263 1315 2298 Catil.
1339 2275 1370 2298 c.
1391 2263 1488 2306 xm,
1505 2262 1540 2298 3.
1572 2273 1641 2296 mn

255 2322 393 2363 famem
416 2325 478 2355 aut
506 2321 619 2363 sitim,
649 2331 759 2365 neque
789 2322 912 2367 frigus
940 2323 1112 2367 opperiri,
1142 2322 1204 2356 ubi
1234 2321 1390 2363 librarii,
1425 2320 1530 2354 huius
1557 2329 1641 2353 usus

263 2376 403 2422 ignari,
425 2378 461 2412 in
484 2377 604 2412 multis
626 2378 724 2413 codd.
749 2379 958 2423 scripserunt
985 2392 1054 2414 non
1076 2383 1234 2424 samem,
1257 2391 1343 2413 non
1366 2378 1471 2412 sitim.
1519 2374 1642 2410 Consi-

263 2435 342 2469 mili
364 2437 468 2470 modo
492 2436 671 2470 turbatum
695 2439 748 2470 est
768 2436 805 2470 in
829 2437 927 2471 Caes.
951 2437 995 2471 B.
1019 2438 1063 2471 G.
1082 2438 1108 2479 Ι,
1130 2437 1188 2479 13,
1205 2437 1239 2471 6.
1273 2440 1376 2480 quem
1398 2435 1516 2468 locum
1537 2432 1638 2468 codd.

263 2492 317 2527 ita
347 2494 526 2527 exhibent:
558 2498 598 2528 nt
627 2494 743 2538 magis
764 2494 902 2531 ,virtute
932 2506 1037 2539 quam
1070 2495 1147 2528 dolo
1182 2492 1546 2532 contenderent,
1576 2495 1641 2525 aut

264 2550 400 2584 insidiis
421 2552 623 2585 niterentur.
655 2551 767 2586 Recte
787 2562 872 2586 vero
893 2562 916 2586 a
930 2550 1078 2586 Davisio
1094 2548 1385 2594 ptOudendorpio
1401 2548 1642 2582 contenderent

263 2607 414 2643 eiectum
437 2611 509 2649 est,
540 2619 610 2652 quo
631 2608 751 2644 nativa
773 2609 931 2644 Caesaris
959 2608 1164 2654 simplicitas
1193 2617 1408 2653 magnopere
1429 2605 1642 2642 obscuraba-

265 2670 334 2704 tur,
358 2665 415 2702 Cf.
439 2665 610 2709 cntitm,
628 2665 664 2702 4.
687 2669 723 2703 ot
745 2666 940 2703 Gernhard.
963 2666 1008 2703 ad
1023 2666 1096 2702 Cic.
1115 2665 1213 2703 nael.
1235 2675 1267 2700 c·
1287 2663 1345 2707 18,
1362 2661 1422 2700 65.
