1754 2964
219 135 279 176 3⁰
566 133 615 176 G.
656 134 994 182 SALLUSTI
1038 134 1264 181 CRISP'I

219 249 499 309 reipublicae
534 252 803 312 capiundae,
850 269 999 313 neque
1033 254 1083 299 id
1117 255 1282 313 quibus
1315 255 1462 302 modis
1480 272 1619 302 asse-

219 349 448 403 queretur,
483 343 594 388 dum
627 345 714 390 sibi
746 361 939 405 regnum
974 354 1180 406 pararet,
1215 347 1464 407 quicquam.
1491 349 1618 408 pensi

174 441 202 480 7
218 433 435 479 habebat.
505 436 779 496 Agitabatur
822 437 966 498 magis
1009 439 1246 499 magisque
1288 439 1335 483 in
1379 439 1475 484 dies
1520 441 1619 485 ani-

216 542 315 570 mus
348 526 479 570 ferox
511 511 667 587 inopia
701 529 768 573 rei
802 529 1032 574 familiaris
1067 531 1124 574 'et
1159 531 1433 582 conscientia
1472 532 1614 578 scele-

215 633 343 674 rum,
379 633 498 676 quae
532 626 724 678 utraque
758 619 1034 664 his-artibus
1069 627 1279 679 auxerat,
1326 638 1438 681 quas
1481 638 1618 683 supra

177 723 204 764 8
222 711 482 756 memoravi.
567 705 838 756 ⁴Incitabant
889 718 1129 770 praeterea
1182 714 1386 772 corrupti
1432 714 1617 758 civitatis

218 818 382 858 mores,
419 816 531 860 quos
552 817 762 861 pessuma
797 817 851 847 ac
873 802 1052 847 divorsa
1085 803 1200 848 inter
1233 819 1281 848 se
1307 804 1451 863 mala,
1483 803 1616 850 luxu-

173 905 200 945 9
217 895 283 939 ria
318 900 455 953 atque
490 895 695 951 avaritia,
730 895 964 939 vexabant.
1016 894 1111 938 Res
1143 893 1243 954 ipsa
1276 893 1450 940 hortari
1483 883 1616 942 virse-

216 1038 358 1075 nummi
382 1039 524 1081 docent,
558 1039 619 1073 sed
641 1038 750 1074 etiam
772 1037 871 1072 vocis
896 1037 1010 1083 origo.
1069 1037 1166 1073 Scite
1188 1038 1282 1074 enim
1305 1039 1444 1074 eortius
1467 1039 1614 1084 monuit,

217 1108 346 1131 nomen
370 1096 576 1132 descendere
598 1109 621 1132 a
642 1109 748 1140 sura,
771 1098 866 1142 quod
889 1095 1031 1130 uberius
1053 1102 1282 1141 persequutus
1304 1103 1357 1133 est
1379 1099 1483 1134 Conr.
1504 1098 1611 1142 Leop.

214 1157 449 1192 Schneiderus
468 1158 629 1192 Gramm.
655 1156 732 1191 Lat.
750 1155 822 1196 1‚1.
846 1166 882 1198 Ρ.
902 1153 958 1194 ⁴8,
975 1165 1024 1197 sq.
1046 1173 1094 1179 —
1121 1155 1313 1199 Quicquam
1333 1156 1434 1201 pensi
1450 1156 1609 1190 habebat.

215 1215 416 1250 Dictionem
429 1214 568 1249 Cor-tius
592 1211 761 1256 exemplis
783 1211 996 1252 illustrarim
1022 1211 1127 1245 Catil.
1139 1213 1214 1251 ΧΠ,
1229 1213 1264 1247 2.
1287 1214 1378 1247 nihil
1389 1214 1488 1258 pensi
1501 1225 1612 1259 neque

215 1275 361 1308 modern
379 1274 548 1308 tihabere.
562 1269 739 1312 xxl11‚2.
750 1280 861 1314 neque
876 1271 1001 1312 facere
1024 1270 1207 1314 quicquam
1223 1272 1324 1315 pensi
1341 1271 1515 1304 habebam
1536 1270 1612 1312 Lu,

213 1330 273 1367 34.
299 1332 419 1375 quibus
447 1330 479 1364 si
499 1330 682 1375 quicquam
709 1328 808 1372 pensi
820 1327 963 1371 suisset.
989 1327 1067 1371 lug.
1085 1326 1225 1368 xum.
1261 1329 1350 1362 nihil
1373 1329 1475 1373 pensi
1501 1338 1611 1373 neque

213 1390 330 1423 sancti
358 1389 498 1423 habere.
531 1387 608 1421 Liv.
635 1386 743 1427 XLII,
770 1384 828 1419 23.
890 1385 1039 1418 Pensum
1064 1390 1183 1418 autem
1213 1383 1306 1418 idem
1341 1385 1418 1418 fero
1447 1383 1544 1427 valet
1567 1395 1622 1420 ac·

209 1458 420 1492 per-pensum
451 1445 527 1480 sive
551 1445 830 1484 consideratum,
866 1442 1082 1485 eundemque
1111 1441 1260 1486 genitivi
1283 1443 1391 1477 habet
1413 1443 1609 1490 rationem,

213 1516 305 1549 quae
328 1508 381 1538 cst
402 1503 440 1538 in
463 1502 673 1537 dictionibus
695 1500 822 1545 magni
831 1502 975 1543 facere,
1001 1511 1092 1539 esse,
1115 1497 1266 1542 habere,
1290 1501 1389 1535 cuius
1411 1504 1609 1536 structurae

211 1566 377 1596 naturam
409 1559 663 1605 explicavimus
696 1559 741 1592 ad
765 1569 796 1591 c.
820 1558 881 1600 xl,
896 1556 931 1592 7.
951 1575 995 1582 -—
1027 1557 1096 1591 111³
1123 1557 1279 1599 artibus3
1302 1558 1346 1593 dc
1377 1570 1537 1603 pronum.
1560 1558 1606 1594 cf.

212 1619 259 1654 ud
282 1619 358 1652 Cat.
383 1618 428 1661 11,
447 1617 483 1655 4

306 1678 340 1718 §.
366 1674 402 1711 8.
450 1677 590 1710 divorsa
606 1652 698 1709 inter
718 1685 755 1708 se
776 1673 896 1716 mala]
921 1672 1087 1707 Tellerus
1108 1672 1279 1718 probante
1299 1672 1432 1708 Damio
1453 1675 1490 1708 ct
1511 1672 1608 1719 Miu-

209 1732 287 1767 lero
319 1733 461 1767 divorsa
485 1733 736 1777 interpretatur
759 1731 963 1774 dissimilia,
995 1731 1118 1774 varia,
1154 1735 1278 1765 contra.
1299 1742 1405 1766 usum
1426 1731 1606 1776 loquendi.

210 1791 378 1825 Diversus
400 1790 495 1824 enim
520 1790 648 1824 dicitur
671 1789 714 1822 de
737 1789 840 1822 rebus
864 1789 1068 1832 contrariis,
1091 1758 1222 1833 sibique
1239 1789 1421 1833 oppositis,
1445 1788 1491 1834 cf.
1514 1789 1607 1823 Bre-

212 1849 308 1884 mina
331 1848 375 1882 ad
398 1849 484 1892 Nep.
525 1846 639 1881 Alcib·
669 1846 698 1888 Ι,
721 1845 754 1879 4.
788 1845 974 1881 Heindorf.
1011 1846 1057 1879 ad
1090 1846 1179 1879 Hor.
1204 1845 1280 1880 Sat.
1304 1846 1335 1889 1,
1355 1845 1389 1887 1,
1406 1845 1441 1880 8.
1468 1845 1606 1882 nauel.

213 1905 261 1942 ad
295 1906 383 1942 Tac.
423 1905 544 1951 Agric.
578 1916 609 1940 c.
639 1903 695 1939 10.
729 1902 856 1937 Noster
884 1903 964 1948 lug.
985 1904 1117 1945 XXXI,
1135 1903 1194 1938 24.
1242 1903 1416 1943 LXXXV,
1437 1898 1496 1939 20.
1524 1903 1604 1940 Liv.

213 1964 376 2007 XXXIV,
398 1963 432 2006 4,
450 1963 485 2000 2.
525 1962 615 1996 Vell-
642 1961 672 2003 1,
689 1959 747 2003 13,
775 1960 810 1996 4.
844 1961 973 1994 diversi
1002 1960 1176 2006 (Scipioni
1204 1965 1239 1996 et
1265 1961 1451 2005 Mummio)
1479 1972 1604 2004 mores,

213 2023 355 2057 diversa
366 2024 470 2066 fuere
491 2020 647 2067 ingenia.
673 2018 721 2053 id.
734 2019 779 2060 11,
787 2019 844 2062 60,
856 2018 888 2053 5.
916 2019 962 2061 Π,
970 2018 1028 2060 80,
1037 2019 1070 2053 2.
1097 2019 1199 2063 Apud
1222 2018 1371 2052 eundem
1393 2029 1476 2052 cum
1498 2028 1605 2054 voea-

211 2081 297 2116 bulo
324 2081 516 2114 contrarius
538 2078 761 2112 coniunctum
784 2076 979 2122 reperitur,
1001 2077 1046 2119 ll,
1071 2076 1129 2119 75,
1150 2076 1184 2111 2
1218 2075 1291 2111 Cic.
1320 2087 1356 2120 Ρ.
1375 2075 1469 2109 coel.
1488 2072 1603 2118 5,12.

211 2139 317 2190 Quod
339 2137 451 2184 igitur
472 2136 662 2172 Passovius
685 2135 729 2169 ad
752 2135 839 2169 Tac.
864 2134 984 2169 Germ.
1012 2132 1071 2175 15,
1086 2145 1139 2181 ’.Ρ
1165 2132 1224 2167 98.
1269 2132 1387 2166 Taciti
1417 2131 1605 2179 proprium

209 2200 332 2242 putat,
358 2200 397 2230 ut
420 2197 593 2230 diversum
615 2204 680 2239 pro
704 2192 877 2227 contrario
901 2194 1032 2235 ponat,
1054 2167 1092 2224 id'
1115 2189 1248 2234 optimo
1271 2189 1398 2233 cuique
1419 2200 1605 2224 commune

209 2257 276 2288 est.
328 2253 421 2296 Quos
450 2253 524 2287 noli
555 2263 638 2286 cum
662 2250 782 2285 Cottio
804 2250 939 2284 referre
955 2248 1007 2283 ad
1029 2249 1204 2290 civitatis,
1236 2246 1289 2283 ita
1318 2251 1359 2282 ut
1379 2258 1443 2292 per
1463 2247 1603 2293 svncfliu

208 2309 431 2356 intelligatur
453 2312 601 2351 civium3
621 2308 704 2342 ,imo
725 2308 829 2342 relat.
853 2307 898 2342 ad
920 2318 1033 2341 mores
1054 2305 1225 2352 pertinet,
1246 2304 1309 2350 qui
1330 2304 1452 2340 vexari
1473 2303 1601 2339 ‹licun-

207 2372 288 2413 tur,
310 2368 336 2405 i.
361 2380 393 2405 e.
415 2368 727 2409 commaculantur,
750 2369 1021 2410 corrumpuntur
1043 2368 1079 2398 et
1099 2363 1303 2410 perduntur.
1354 2356 1484 2397 Vexari
1505 2362 1601 2398 enim

208 2436 278 2462 non
308 2432 443 2461 tantum
466 2435 635 2471 personae
664 2422 849 2464 dicuntur,
880 2422 940 2455 sed
973 2421 1080 2456 etiam
1111 2432 1188 2463 res,
1221 2430 1314 2466 quae
1342 2431 1413 2454 non
1441 2420 1601 2465 integrae

207 2489 422 2526 manserunt,
445 2485 505 2518 sed
529 2480 654 2527 quovis
674 2480 780 2514 modo
803 2479 897 2514 male
919 2479 1064 2514 habitae
1085 2480 1366 2522 corrumpuntur.
1401 2477 1482 2513 Vim
1498 2478 1600 2515 verbi

208 2542 298 2577 bene
321 2541 486 2585 explicuit
518 2539 658 2575 Gellius
681 2537 724 2572 N.
749 2537 791 2571 A.
816 2536 863 2578 11,
892 2535 949 2578 6.,
981 2539 1145 2580 accurate
1168 2534 1212 2568 de
1234 2534 1358 2568 cadem
1388 2546 1429 2568 re
1450 2538 1598 2582 egerunt

209 2599 440 2635 Frotscherus
464 2599 565 2633 Ohss
585 2598 612 2631 Ι.
637 2609 672 2641 p.
694 2593 753 2630 28.
779 2598 814 2629 et
841 2594 922 2629 Car.
946 2581 1062 2630 Beicri
1086 2593 1131 2628 ad
1155 2591 1227 2628 Cic.
1251 2591 1326 2627 off.
1349 2592 1394 2634 11,
1412 2591 1448 2635 8,
1465 2590 1526 2626 28·

149 2651 154 2655 ⁴
300 2659 333 2702 §-
357 2657 392 2693 9.
438 2656 601 2693 instituta
620 2653 790 2689 maiorum
810 2670 856 2678 -—
876 2653 1054 2688 disserere
1062 2654 1081 2695 ]
1112 2650 1268 2686 Verbum
1289 2650 1476 2695 disserere,
1499 2651 1594 2697 quod
