1754 2964
169 167 227 209 22
517 163 564 205 c,
594 153 942 206 SA-LLUs'rl
974 154 1208 209 GR—ISPi

262 316 265 319 Α
310 279 391 327 IV.
459 270 607 342 I'gitur
648 280 727 325 ubi
761 280 933 326 animus
977 296 1031 326 ex
1075 282 1225 326 multis
1271 272 1452 327 miseriis
1504 289 1573 329 at·-

177 387 267 432 que
301 372 514 432 periculis
548 372 784 430 requievit,
828 378 875 416 et
907 372 1020 417 mihi
1062 374 1278 419 relicuam
1323 380 1514 419 aetatem
1547 391 1574 420 a

178 464 418 524 republica
450 463 617 524 procul
661 463 923 511 habendam
957 464 1163 523 decrevi,
1207 481 1300 513 non
1334 466 1421 511 fuit
1460 481 1576 514 oon-

181 608 217 651 4,
237 608 296 650 1.;
328 619 477 655 eamque
500 607 641 643 omnino
654 608 689 644 va
711 609 891 644 veteribus
921 620 991 647 non
1015 609 1120 653 plane
1143 610 1292 645 vitatam
1314 622 1391 645 esse
1413 612 1578 648 observa-

181 669 265 700 runt
286 669 363 700 tum
387 666 469 708 alii,
492 669 571 700 tum
595 666 810 702 Goerenzius
833 669 879 702 ad
903 668 976 703 Cic.
1001 668 1114 714 Legg.
1140 669 1170 711 1,
1187 669 1245 711 15,
1263 668 1320 704 43.
1360 670 1578 707 Pax-ticulum

184 734 250 767 que
273 724 397 757 eadem
428 727 598 768 potestate
631 725 783 769 positam
806 727 917 761 habes
941 726 1020 760 cat.
1042 727 1207 770 xnvm,
1230 727 1271 763 6..
1307 729 1491 774 Tarquinii
1524 730 1580 764 in-

185 779 314 813 dicium
340 782 475 824 salsum
499 782 632 825 videri,
666 795 834 829 eumque
861 785 899 817 in
921 784 1067 819 vinculis
1096 785 1324 823 retinendum.
1359 785 1437 831 lug.
1462 786 1520 829 lv,
1543 786 1579 822 4.

185 838 391 882 maiusque
415 841 629 875 commodum
653 836 695 879 σε’
723 843 793 878 otio
816 853 892 877 meo
915 847 1110 878 venturum..
1142 842 1191 876 ib.
1210 843 1275 885 lx,
1295 842 1331 879 ὅ.
1361 854 1423 877 rex
1449 844 1581 890 Iugur-

186 896 286 930 tham
318 896 488 941 beneficiis
518 899 657 934 vincere
693 911 887 947 aggressus
923 905 994 941 est,
1030 901 1150 934 statim
1161 912 1243 945 qne
1276 911 1354 935 eum
1386 901 1581 946 adoptavit.

187 953 325 988 Eodem
349 955 456 989 modo
478 955 612 1001 legitur
633 958 729 1002 apud
752 957 872 992 Vellei.
891 956 921 999 l,
942 957 1000 999 17,
1016 955 1052 992 6.
1078 956 1124 999 Π,
1145 956 1205 998 62,
1222 956 1257 993 l.
1276 977 1314 983 -—
1339 958 1452 993 Fama
1475 964 1582 1004 atque

188 1011 343 1056 invidia,
376 1013 470 1057 quod
501 1013 576 1048 iam
607 1014 731 1049 monui
760 1026 829 1050 non
862 1026 925 1060 per
954 1015 1110 1060 figuram
1129 1012 1175 1050 ἓν
1205 1014 1269 1050 διὰ
1292 1015 1400 1052 δυοῖν
1423 1028 1583 1062 compre-

189 1067 318 1112 hendi,
354 1075 543 1115 utrumque
566 1072 712 1117 propria
733 1071 772 1107 vi
794 1072 970 1117 accipian
996 1075 1104 1117 sama
1135 1072 1230 1108 enim
1251 1085 1353 1109 sensu
1374 1074 1582 1121 praegnanti

190 1126 370 1172 significat
404 1130 537 1164 malam
561 1131 715 1174 famam,
751 1131 909 1172 invidia,
942 1131 1064 1165 odium
1095 1134 1130 1165 et
1151 1135 1390 1176 contemptum
1416 1132 1582 1176 aliorum,

190 1184 256 1220 illa
284 1191 412 1225 ortum.
431 1207 478 1213 ——
501 1187 555 1221 De
578 1188 685 1222 totius
706 1188 777 1222 loci
801 1188 946 1223 consilio
969 1200 1040 1224 non
1057 1200 1203 1233 possum
1219 1189 1302 1233 quin
1325 1190 1396 1223 huc
1417 1189 1585 1224 transcri-

192 1243 278 1278 bam
305 1257 416 1289 quae,
440 1250 628 1290 praeeunte
650 1246 851 1288 Loebailio,
876 1247 913 1281 in
934 1247 1056 1281 libello
1080 1247 1123 1280 de
1145 1248 1184 1282 C.
1211 1247 1266 1285 Cr,
1291 1249 1466 1291 Sallustio,
1492 1249 1584 1283 Vra-

191 1299 262 1336 tisl.
286 1302 405 1347 1818„
430 1303 613 1338 verissime
635 1305 772 1339 monuit
794 1305 1024 1341 Frotscherus
1047 1305 1073 1343 Ι,
1095 1305 1122 1339 l.
1147 1317 1180 1350 p.
1205 1304 1264 1340 25.
1299 1305 1517 1348 ,Sallustius
1546 1305 1584 1340 iu

192 1361 268 1393 toto
298 1360 375 1395 loco
410 1361 552 1395 videtur
578 1373 621 1396 eo
643 1364 801 1398 maxime
824 1360 1018 1408 spectasse,
1049 1365 1112 1405 ut,
1144 1373 1294 1407 quorum
1322 1362 1391 1396 sibi
1425 1362 1584 1397 conscius
1618 1388 1626 1393 .

192 1421 302 1460 esset,
334 1423 371 1453 et
406 1430 496 1463 quae
519 1420 673 1455 Romani
704 1425 861 1465 nossent,
897 1421 986 1455 vitia
1008 1424 1210 1462 excusaret,
1241 1422 1276 1454 et
1304 1419 1493 1454 lectoribus
1514 1420 1585 1454 hoc

194 1479 290 1511 certe
312 1478 561 1520 persuaderet,
594 1490 639 1514 ea
670 1480 811 1522 omnia,
834 1490 926 1523 quae
948 1479 1124 1523 quondam
1155 1478 1249 1512 male
1280 1476 1412 1532 egerit,
1445 1487 1468 1510 a
1489 1477 1587 1511 mala

193 1533 304 1578 ipsius
329 1532 520 1571 ambitione
541 1538 730 1581 repetenda
753 1549 841 1573 esse.
896 1537 949 1572 Ac
970 1549 1016 1571 ne
1038 1537 1218 1570 crederent
1238 1536 1354 1580 ipsum
1375 1533 1508 1579 pariter
1529 1537 1587 1569 at-

193 1602 263 1635 que
285 1596 418 1626 ceteros
440 1594 649 1637 audaciam,
672 1595 921 1641 largitionem,
944 1594 1132 1629 avaritiam
1155 1593 1373 1635 exercuisse,
1397 1592 1488 1626 nihil
1507 1603 1587 1627 ma-

194 1649 251 1695 gis
275 1650 452 1685 inculcare
475 1652 626 1694 studuit,
662 1664 769 1697 quam
794 1665 832 1687 se
854 1654 900 1688 ab
924 1652 1087 1687 omnibus
1109 1650 1213 1685 malis
1234 1651 1392 1686 moribus
1420 1649 1587 1692 liberum,

193 1707 305 1743 nimia
328 1713 463 1743 tantum
499 1710 644 1745 honoris
667 1710 829 1756 cupidine
853 1715 1018 1745 vexatum
1043 1709 1171 1751 fuisse,
1201 1711 1236 1742 et
1256 1708 1327 1742 hac
1350 1708 1428 1753 ipsa
1449 1720 1488 1742 rc
1511 1719 1588 1743 ma-

193 1766 266 1800 lam
303 1766 370 1800 sibi
394 1767 529 1802 famam
554 1771 659 1812 atque
689 1768 860 1804 invidiam
892 1769 1098 1814 conflasse&
1144 1767 1213 1803 nis
1244 1766 1367 1801 confer
1396 1776 1487 1809 quae
1509 1765 1587 1802 Cat.

195 1824 257 1866 xl,
280 1824 314 1858 1.
349 1836 445 1868 sqq.‚
482 1836 552 1859 nou
585 1826 639 1860 rei
662 1827 815 1870 quadam
839 1826 1104 1870 opportunitate
1133 1825 1172 1859 in
1195 1836 1276 1859 eum
1299 1825 1417 1858 locum
1439 1824 1588 1867 delatus,

195 1881 256 1916 sed
288 1881 371 1917 data
402 1893 509 1927 opera
539 1883 582 1917 de
609 1885 811 1918 ambitionis
842 1884 930 1918 vitio
962 1883 1090 1918 canitie
1113 1882 1290 1926 disputat,
1320 1881 1372 1917 ita
1393 1886 1434 1917 ut
1459 1893 1530 1917 non
1551 1893 1590 1917 se

194 1938 323 1984 ipsum,
347 1941 407 1974 sed
431 1939 573 1975 omnino
596 1940 749 1977 civitatis
770 1953 887 1977 mores
908 1942 1082 1986 respicere
1105 1941 1278 1977 videatur.

289 1998 349 2032 lv.
396 2000 428 2042 §-
453 1998 487 2032 1.
542 1999 731 2033 ex‘multis
762 1991 933 2041 miseriis]
984 2000 1038 2033 Ex
1070 1997 1214 2043 propria
1243 1996 1314 2032 loci
1345 1999 1515 2041 potestate
1543 1995 1590 2031 ad

196 2057 336 2101 tempus
369 2057 538 2092 translata
568 2061 648 2101 post
678 2056 876 2102 significat,
907 2051 1080 2100 'siqnidem
1112 2055 1207 2100 quod
1243 2066 1286 2089 ex
1320 2054 1442 2098 aliquo
1473 2053 1591 2098 prodit

197 2119 356 2159 tempore
388 2103 499 2149 serius
530 2118 599 2155 θείη
625 2114 671 2148 cf.
694 2114 774 2160 lug.
791 2115 951 2156 xxxvl,
978 2114 1035 2156 3.,
1067 2126 1108 2149 ex
1131 2118 1237 2149 tanta
1260 2113 1490 2158 properantia
1515 2117 1591 2146 tam

191 2174 303 2216 facile
327 2178 480 2212 tractum
507 2173 642 2207 bellum.
690 2172 763 2207 Cic.
788 2184 824 2217 p.
847 2172 955 2206 Arch.
980 2184 1015 2217 p.
1040 2172 1073 2206 1.
1102 2184 1142 2206 ea·
1161 2172 1269 2217 gravi
1291 2171 1406 2204 morbo
1429 2170 1591 2204 recreari.

197 2229 245 2264 id.
265 2231 364 2265 Brut.
374 2231 433 2267 92.
460 2231 563 2265 Cotta
586 2242 627 2265 ex
645 2231 824 2264 consulatu
839 2233 1017 2275 profectus
1034 2231 1138 2265 estin
1157 2222 1324 2263 Galliarri.
1346 2227 1433 2272 Nep.
1457 2226 1590 2261 TimoL

196 2288 261 2330 111,
290 2288 324 2322 3.
364 2300 406 2324 ex
434 2289 586 2323 maximo
614 2288 700 2321 bello
730 2293 869 2325 tantum
896 2289 1004 2325 otium
1040 2289 1176 2322 insulae
1203 2286 1424 2327 conciliavit,
1464 2283 1527 2318 ubi
1554 2294 1589 2318 v,

199 2345 374 2380 Bremius.
401 2365 445 2371 —
491 2347 655 2380 Aetatem
688 2346 906 2389 habendam,
941 2346 1006 2391 pro
1039 2357 1110 2390 quo
1143 2343 1350 2379 Ciacconius
1377 2342 1413 2375 et
1437 2340 1592 2375 Ursinus

198 2404 378 2438 malebant
403 2403 594 2449 agendam,
619 2403 710 2447 quod
734 2414 817 2437 sane
841 2403 1001 2438 usitatius
1024 2406 1096 2444 est,
1120 2401 1262 2436 Cottius
1283 2397 1486 2439 vindicavit,
1507 2399 1591 2433 coll.

200 2461 277 2495 Cat.
296 2462 428 2504 L1‚1·.'..
455 2463 515 2507 qui
541 2461 682 2496 demissi
706 2461 744 2495 in
768 2461 908 2495 obscuro
934 2462 1046 2495 vitam
1071 2460 1211 2494 habent.
1245 2457 1323 2502 lug.
1340 2456 1513 2499 LXXXV,
1531 2455 1590 2490 41.

200 2519 261 2553 ubi
279 2519 554 2554 adulescentiam
577 2521 743 2562 habuere,
766 2518 816 2552 ibi
838 2523 1048 2553 senectutem
1071 2519 1197 2564 agant,
1244 2514 1364 2557 Neque
1387 2518 1503 2547 tamen
1526 2513 1592 2546 ha-

201 2577 281 2610 bere
303 2577 408 2620 plane
431 2576 525 2611 idem
550 2581 602 2611 est
626 2581 730 2621 atque
753 2586 863 2621 agere
870 2587 885 2617 ,-
907 2576 966 2609 sed
990 2579 1029 2609 ut
1051 2576 1158 2618 supra
1180 2573 1210 2614 1,
1231 2571 1266 2606 4.
1303 2570 1505 2615 possidenda·
1527 2580 1592 2603 no-

200 2633 331 2669 tionem
348 2635 393 2668 ab
417 2645 459 2668 eo
482 2646 551 2668 non
574 2633 710 2679 seiungi
735 2644 837 2678 posse
859 2631 1024 2671 vidimus.
1042 2631 1094 2666 ita
1116 2631 1153 2664 h.
1164 2630 1189 2666 1.
1215 2630 1363 2664 alteram
1386 2629 1592 2671 potestatem

201 2703 270 2727 non
293 2691 408 2728 minua
431 2692 662 2736 frequentem,
688 2701 758 2734 qua
782 2689 958 2737 siguificat
979 2688 1137 2734 aliquam
1160 2699 1234 2722 rem
1258 2690 1387 2728 tencre,
1409 2684 1487 2719 sive
1510 2696 1592 2720 con·
1643 2678 1656 2689 ’
