1754 2964
224 172 282 214 64
581 174 628 216 C.
658 174 1000 219 SALLUSTI
1033 178 1252 221 CRISPI

179 291 206 331 3
224 286 409 349 Operae
443 291 639 351 pretium
674 298 760 348 est,
808 307 948 351 quum
984 294 1145 339 domos
1180 300 1315 356 atque
1357 295 1509 344 villas*
1527 300 1612 349 co—

221 384 434 442 gnoveris
468 384 515 427 in
536 383 714 428 urbium
743 384 941 429 modum¹
957 386 1282 445 exaedificatas,
1317 390 1461 436 visere
1491 398 1610 438 tem-

206 474 303 534 'pla
359 474 577 532 deorum,
640 489 760 534 quae
813 478 952 521 nostri
1003 479 1220 536 maiores,
1275 481 1610 542 religiosissumi

171 583 201 625 4
220 568 449 624 mortales,
490 567 655 613 fecere.
725 566 897 612 Verum
941 570 1010 613 illi
1044 570 1238 616 delubra
1271 567 1463 618 deorum
1506 575 1608 635 pie-¹

207 666 335 716 tate,
391 660 552 705 domos
597 674 696 704 suas
740 659 891 719 gloria
936 660 1237 721 decorabant,
1292 680 1439 724 neque
1483 666 1607 713 victis

171 758 200 800 5
221 752 463 812 quicquam
494 756 676 811 praeter
715 750 899 797 iniuriae
942 752 1168 800 licentiam
1213 756 1476 818 eripiebant.
1544 759 1606 804 At

208 920 283 955 'que
306 910 454 952 ducunt,
478 921 547 944 non
570 907 656 944 item
678 907 724 945 ad
746 914 851 955 atque
877 910 1103 955 particulam.
1136 913 1326 950 Praeterea
1348 913 1522 949 neminem
1544 914 1603 949 fu-

214 967 309 1013 giet,
339 968 531 1002 sententiae
559 964 635 1001 vim
668 967 882 1003 disiunctivzi
912 969 1028 1015 magis
1058 982 1165 1015 quam
1199 971 1398 1017 copulativa
1430 972 1604 1017 particula

215 1024 348 1061 extolli.
397 1027 450 1059 De
473 1025 626 1060 dictione
647 1026 736 1059 nihil
755 1027 856 1070 pensi
878 1027 1006 1062 habere
1027 1040 1061 1062 v.
1088 1030 1133 1063 ad
1156 1040 1186 1063 c.
1214 1030 1255 1073 V,
1279 1028 1314 1065 6.

308 1086 341 1127 S.
366 1084 399 1118 4.
445 1083 590 1128 verum]
625 1084 724 1117 Haec
752 1094 821 1117 vox
851 1095 919 1118 non
944 1085 1106 1129 opposita
1127 1087 1266 1121 videtur
1286 1086 1500 1132 praegressis
1521 1078 1602 1122 'ver-

212 1142 288 1185 bis,
309 1143 370 1178 sed
391 1142 507 1187 potius
529 1142 613 1175 huic
635 1140 824 1175 sententiae
847 1140 1062 1187 cogitatione
1083 1143 1318 1189 supplendae:
1342 1150 1415 1180 tum
1431 1156 1599 1191 magnum

210 1206 403 1246 temporum
426 1205 461 1234 et
482 1211 615 1233 morum
639 1200 822 1234 discrimen
845 1198 1092 1244 deprehendes.
1153 1192 1268 1237 Simul
1289 1201 1470 1247 sequentia
1491 1203 1599 1237 vehe—

209 1257 361 1292 mentius
382 1258 452 1292 hac
477 1257 651 1300 particula
673 1257 916 1299 affirmantur,
941 1259 1034 1302 quod
1056 1261 1249 1294 vernacula
1271 1259 1468 1305 exprimas:
1492 1256 1599 1295 aber

202 1314 286 1360 jene
308 1316 440 1350 zierten
463 1326 521 1349 au
530 1312 572 1348 ch
596 1319 661 1348 etc.
680 1333 725 1339 —
767 1315 837 1349 Pro
861 1313 979 1349 domos
1000 1328 1085 1351 suas.
1104 1319 1223 1363 gloria
1246 1319 1395 1361 cortine,
1427 1319 1597 1363 probante

208 1363 381 1415 Mallem,
405 1384 448 1406 cx
470 1370 605 1406 Wassii
627 1372 704 1407 cod.
729 1373 822 1418 Reg.
847 1377 882 1407 et
905 1374 1011 1408 Fabr.
1035 1374 1069 1408 l.
1093 1386 1142 1408 m.
1166 1387 1236 1410 sec.
1259 1375 1368 1410 edidit
1391 1377 1507 1416 domos
1530 1388 1596 1411 sua

207 1431 326 1477 gloria
335 1443 350 1471 ,-
383 1434 505 1474 postea
535 1427 627 1463 idem
660 1434 836 1474 repertum
867 1434 939 1474 est,
973 1430 1005 1466 si
1033 1431 1119 1466 fides
1150 1429 1358 1474 Har-lessio,v
1384 1432 1423 1468 in
1445 1434 1535 1479 Teg.
1561 1437 1596 1468 et

206 1489 295 1525 Her.
325 1499 368 1524 ac
399 1486 587 1522 novissime
610 1488 646 1522 in
671 1487 770 1524 Flor.
791 1488 849 1523 22.
874 1493 908 1523 et
940 1488 1050 1524 Barb.
1073 1489 1108 1525 2.
1163 1487 1232 1527 Sed
1257 1491 1470 1529 Gerlaehius
1499 1486 1594 1526 reete

202 1546 396 1588 iudicavit,
427 1545 484 1582 his
508 1545 599 1596 nihil
624 1546 850 1581 tribuendum
872 1557 967 1590 esse,
999 1551 1077 1583 tum
1099 1548 1145 1583 ob
1169 1550 1306 1587 tautum
1328 1548 1426 1583 codd.
1451 1559 1593 1583 censen-

206 1616 284 1639 sum
317 1608 352 1638 et
386 1603 558 1638 Prisciani
581 1604 610 1636 V
612 1603 655 1645 11,
681 1603 717 1646 6,
738 1601 796 1640 27.
844 1617 881 1650 p.
908 1603 990 1640 310.
1030 1606 1097 1641 Ed.
1124 1606 1189 1642 Kr.
1218 1606 1484 1649 auctoritatem,
1515 1610 1614 1650 tum,

206 1662 300 1706 quod
324 1666 447 1696 auctor
471 1665 591 1705 aperte
621 1662 738 1696 domos
761 1674 843 1696 suas
868 1665 1020 1708 opponat
1042 1664 1161 1698 verbis
1182 1664 1327 1700 delubra
1351 1664 1504 1709 deorum,
1528 1676 1592 1701 ne-

199 1715 274 1764 >qne
297 1719 451 1757 Romani
475 1721 593 1753 aliena
616 1720 735 1764 gloria
757 1720 880 1754 domos
905 1721 1070 1755 decorare
1091 1722 1275 1766 potuerint.

227 1817 230 1820 ‚
298 1780 330 1820 ἓ.
355 1775 389 1811 5.
437 1777 583 1812 victores
605 1779 779 1822 hostibus]
825 1779 1009 1821 Hostibus,
1044 1780 1137 1823 quod
1160 1778 1255 1815 Cort.
1279 1782 1314 1815 et
1337 1779 1492 1815 Gerlach
1524 1780 1590 1815 ab-

204 1845 281 1869 esse
302 1834 487 1878 iusserant,
510 1847 551 1869 ex
576 1837 676 1871 codd.
701 1834 821 1871 Leidd.
846 1837 891 1870 D.
915 1837 943 1871 1.
966 1837 1049 1872 Bas.
1069 1837 1104 1871 3.
1138 1838 1242 1874 Rem.
1262 1837 1297 1872 2.
1319 1835 1404 1872 Ecc.
1429 1836 1589 1872 meliori-

202 1893 269 1928 bus
291 1893 418 1929 Palatt.
442 1897 480 1927 et
508 1893 631 1927 Turio.
663 1893 697 1928 2.
729 1893 940 1928 reduximus.
987 1895 1065 1929 Non
1099 1895 1194 1929 enim
1230 1906 1292 1929 nos
1323 1898 1446 1929 moret
1478 1893 1590 1943 Gor-tii

203 1951 413 1994 auctoritas,
447 1951 508 1995 qui
530 1962 643 1996 nugas
664 1951 779 1995 potius
802 1952 899 1997 agit,
931 1963 1038 1995 quam
1070 1955 1232 1986 accurate
1253 1950 1405 1994 iudicat,
1438 1952 1507 1987 hac
1529 1963 1590 1987 ra-

201 2000 296 2044 tione
318 2011 434 2050 utens,
457 2009 577 2043 abesse
599 2007 635 2042 id
666 2009 814 2051 debere,
846 2008 930 2053 quia
953 2021 974 2043 e
1005 2012 1166 2044 contextu
1197 2021 1262 2054 per
1290 2021 1328 2044 se
1357 2006 1588 2055 intelligatur,

201 2065 316 2102 hostes
338 2066 541 2112 significari.
597 2066 707 2109 Quasi
728 2077 813 2101 vero
846 2067 965 2101 emnia
998 2063 1169 2102 eiicienda
1190 2067 1277 2109 sint,
1310 2078 1399 2112 quae
1421 2078 1491 2101 non
1512 2067 1588 2102 sine
1658 2077 1662 2082 ’

201 2123 319 2170 aliquo
360 2123 503 2170 negotio
538 2120 690 2158 divinari
727 2127 870 2168 possunt
911 2135 954 2158 ex
986 2123 1210 2175 praegressis.
1258 2123 1469 2159 Gerlaehius
1498 2135 1585 2160 vero

197 2183 372 2228 quomodo
394 2182 548 2217 hostibus
569 2193 674 2216 sensu
697 2192 818 2216 carere
850 2182 966 2216 dicere
995 2178 1167 2226 potnerit,
1200 2179 1361 2226 equidem
1390 2190 1460 2217 non
1490 2192 1586 2217 asse-

196 2252 305 2286 quor,
337 2251 445 2285 quum
478 2240 558 2274 luce
581 2238 711 2279 clarius
744 2240 811 2282 sit,
841 2239 955 2275 hostes
983 2240 1124 2274 eosdem
1154 2239 1308 2285 intelligi
1330 2243 1436 2284 atque
1465 2241 1583 2281 socios,

196 2299 258 2344 qui
280 2299 368 2334 victi
391 2298 532 2343 quidem
555 2301 668 2332 essent
698 2303 733 2332 et
761 2297 798 2331 in
821 2298 1063 2332 Romanorum
1092 2302 1299 2342 potestatem
1330 2297 1486 2339 redacti,
1520 2297 1583 2331 sed

195 2358 350 2392 nondum
377 2357 463 2391 socii
494 2355 590 2390 facti.
641 2355 693 2388 Ad
727 2367 867 2389 sensnm
897 2354 1008 2400 igitur
1042 2355 1126 2390 satis
1156 2355 1279 2394 fuisset
1309 2354 1427 2388 dicere
1456 2354 1582 2394 victis3
1616 2365 1621 2375 ’

194 2415 256 2450 sed
279 2415 430 2448 hostibus
452 2414 564 2448 multo
587 2415 640 2447 est
661 2411 817 2458 gravius,
840 2424 949 2456 quum
968 2416 1092 2447 auctor
1114 2412 1158 2446 de
1173 2411 1343 2446 industria
1361 2412 1450 2446 tales
1473 2422 1582 2456 oppo-

194 2472 337 2508 sitiones
359 2475 524 2516 quaerat,
547 2473 588 2504 ut
609 2481 678 2504 non
701 2470 816 2503 solum
839 2470 1048 2514 sententiae,
1082 2470 1142 2504 sed
1164 2468 1271 2503 etiam
1303 2468 1443 2514 singula
1473 2478 1581 2504 voca*

194 2529 281 2564 bula
302 2529 371 2563 sibi
401 2529 652 2573 respondeant:
686 2527 829 2561 delubra
864 2529 1006 2561 deorum
1029 2545 1076 2552 —-
1105 2527 1223 2561 domos
1245 2537 1350 2566 suan
1376 2527 1510 2571 pietate
1533 2533 1580 2552 -“-

193 2588 337 2634 gloria5
383 2587 622 2632 ,ignavissumi
668 2585 821 2619 homines
850 2603 896 2609 -—-
916 2583 1116 2628 fortissumi
1157 2583 1226 2617 viri
1232 2595 1246 2624 ‚-
1291 2593 1358 2627 per
1410 2595 1580 2618 summum

194 2641 361 2680 scelus—
379 2644 526 2678 dictores
563 2643 606 2688 (i.
631 2654 663 2681 e.
698 2654 807 2687 quum
837 2641 1012 2676 victorum
1042 2640 1119 2674 iure
1151 2639 1203 2674 uti
1238 2640 1465 2686 potuissent);
1497 2642 1579 2675 adi-

194 2701 340 2740 mcre—
356 2702 578 2748 reliquerant.
625 2700 718 2737 Num
741 2700 857 2737 adhuc
879 2697 1017 2737 dubitas
1039 2698 1146 2732 socios
1168 2697 1296 2734 diserte
1319 2698 1446 2742 opponi
1469 2699 1574 2739 hosti-
