1754 2964
180 154 285 194 'xvm
595 151 1167 198 PRAEFATIO.

185 271 300 315 ratio
325 284 416 314 non
449 267 596 314 solnm
631 284 660 313 a
693 285 824 315 more
846 271 979 316 -illius
1013 271 1173 316 aetatis
1209 271 1357 316 aliena
1392 278 1473 329 est,
1509 273 1594 319 sed

185 353 321 396 etiam
364 350 424 394 ab
467 350 651 410 ingenio
698 350 793 394 eius
837 350 918 408 qni
960 352 1185 411 scripsisse
1230 352 1396 401 dicitnr
1437 358 1487 411 ct
1514 353 1590 399 -ad

186 446 326 491 quem
361 431 498 476 datae
532 437 634 475 sunt
666 431 804 491 plane
821 430 1054 478 abhorret.
1087 433 1403 491 :Neqnelenim
1422 432 1589 479 Caesar

188 514 230 557 is.
269 511 354 557 fuit
367 543 382 568 ‚
427 511 504 569 qui
539 509 732 554 aliorum
766 510 1028 557 monitis->in
1058 512 1364 558 moderanda-⁷
1381 513 1588 573 republi-

188 608 243 638 ca
277 592 353 636 vel
389 595 570 651 egeret,
617 590 693 635 vel
728 590 1048 650 obtemperare
1092 593 1256 649 vellet,
1297 609 1450 654 neque
1483 594 1588 641 Sal-

188 673 345 721 lustius
379 686 468 732 pro
504 670 590 715 suis
608 670 882 725 arationibus,
917 686 1036 729 quae
1071 672 1114 717 ei
1136 688 1254 718 cum
1289 673 1484 720 Caesare
1515 677 1587 720 in-

184 752 501 808 tercedebant,
537 751 573 795 si
605 751 761 802 modo
784 765 916 796 sanus
950 759 1074 809 erat,
1111 754 1229 798 stalia
1262 755 1454 801 suadere
1499 769 1585 815 po-

183 839 316 890 terat,
337 831 491 892 qualia
510 830 731 892 epistolae
764 837 923 878 auctor
946 847 1063 878 eum
1084 833 1314 879 dicentem
1343 835 1486 882 facit.·
1505 835 1586 881 Ad

182 914 306 971 hoc,
319 946 321 948 -
336 913 596 973 quicunqne
628 914 805 974 ineptas
849 912 1187 959 cohortationes
1229 914 1428 975 scripsit,
1466 922 1587 961 tem-

184 1010 352 1055 porum
397 994 587 1050 oblitus,
614 994 775 1039 multa
814 993 1075 1050 blateravit,
1120 1009 1241 1053 quae
1284 995 1348 1040 ita
1382 996 1466 1041 sibi
1507 1011 1583 1041 re-

93 1086 95 1088 ’
175 1081 416 1137 epugnant,
459 1080 510 1119 ut
549 1074 678 1120 nullo
721 1073 865 1119 mo'do
909 1074 1026 1120 inter
1069 1089 1118 1119 se
1163 1075 1394 1122 conciliari
1440 1082 1486 1122 et
1520 1076 1583 1121 ad

182 1163 358 1202 certum
403 1154 591 1214 aliquod
617 1158 818 1216 ternpus
873 1155 1079 1202 revocari
1121 1155 1305 1217 possint.
1404 1156 1583 1212 Quodsi

182 1236 411 1282 addideris
435 1235 621 1280 .-nullum
657 1234 1104 1293 Grammaticorum,
1138 1237 1302 1296 quibus
1334 1243 1403 1282 tot
1435 1237 1583 1282 histo·-

181 1320 348 1363 riarum
388 1317 647 1377 fragmenta
682 1315 924 1372 debemus,
960 1333 1159 1377 unquam
1206 1317 1371 1364 harum
1407 1317 1581 1378 episto-

181 1400 328 1443 larum
351 1398 520 1442 fecisse
548 1396 840 1454 mentionem,
868 1398 941 1443 vix
975 1399 1211 1458 quisquam
1250 1398 1461 1444 dubitare
1489 1413 1582 1458 po-
1613 1401 1620 1405 “

180 1478 308 1534 terit,
351 1478 461 1536 quin
495 1491 583 1537 pro
614 1478 789 1536 ‚spuriis
820 1477 1064 1524 habendae
1094 1479 1193 1524 sint.
1273 1479 1580 1526 Decreveram

181 1574 284 1604 eam
319 1574 415 1604 rem
449 1557 656 1617 pluribus
689 1572 954 1618 exponere3.
983 1559 1069 1605 sed
1102 1565 1152 1605 nt
1180 1559 1425 1606 commode
1458 1574 1580 1606 nunc

181 1654 239 1685 eo
281 1639 469 1699 negotio
513 1638 811 1698 supersedere
863 1639 1058 1699 possim,
1114 1639 1354 1687 Gerlachii
1403 1640 1579 1688 factum

181 1725 248 1765 est
282 1716 491 1780 diligenti
521 1718 765 1774 industria,
807 1720 888 1778 qui
921 1726 1049 1765 tanto
1067 1719 1291 1766 „acumine
1324 1720 1371 1766 in
1405 1721 1578 1767 exami-

179 1798 337 1844 nandis
379 1798 567 1865 singulis
599 1805 798 1845 versatus
840 1805 929 1856 est,
973 1805 1186 1858 tantaque
1231 1798 1388 1846 iudicii
1429 1799 1578 1844 soler-

177 1882 253 1926 tia.
267 1919 269 1921 .
285 1879 459 1942 spurias
503 1895 622 1935 esse,
666 1894 786 1938 quae
830 1895 1008 1926 summo
1062 1896 1215 1925 rerum
1262 1880 1576 1925 Romanarum

177 1960 386 2021 scriptori
431 1961 710 2017 tribuantur,
750 1960 965 2020 epistolas
1006 1961 1229 2018 ostendit,
1273 1965 1350 2018 nt,
1395 1959 1431 2003 si
1476 1959 1576 2020 quis

177 2044 421 2088 etiamnum
465 2056 540 2086 eas
591 2041 791 2085 Sallustii
848 2057 945 2086 esse
986 2047 1144 2101 putet,
1197 2041 1237 2085 is
1291 2039 1353 2084 ad
1407 2040 1574 2096 omnia,

176 2124 313 2167 etiam
346 2122 623 2182 ineptissima
657 2121 977 2181 amplectenda
1009 2136 1180 2182 pronus
1211 2121 1432 2167 videatur.
1477 2120 1574 2166 Fa·-

124 2235 126 2237 -
173 2211 277 2248 teor
314 2211 466 2253 tamen
497 2219 595 2258 me,
640 2203 904 2262 priusquam
938 2201 1177 2248 Gerlachii
1210 2200 1572 2247 Commentarios

178 2284 412 2343 legissem,
437 2282 566 2342 'quid
608 2282 739 2327 illum
784 2283 844 2327 de
878 2282 1093 2343 Epistolis
1137 2281 1197 2326 ad
1240 2279 1295 2326 C.
1330 2281 1571 2326 Caesarem

166 2363 375 2409 iudicare
409 2363 641 2409 crederem
675 2378 858 2422 prorsus
890 2364 1111 2409 nesciisse.
1188 2362 1307 2406 Nam
1339 2360 1386 2404 in
1420 2356 1571 2406 Praef-

176 2443 281 2489 Vol.
302 2443 339 2488 1.
374 2458 422 2502 p.
443 2444 498 2490 X.
534 2444 807 2503 „Epistolas‚
841 2442 1009 2501 inquit,
1044 2442 1105 2486 ad
1140 2441 1193 2485 C.
1229 2439 1474 2485 Caesarem
1500 2440 1571 2486 de

174 2524 414 2584 republica
447 2524 710 2580 ordinanda,
730 2538 842 2582 quas
874 2523 1026 2582 vulgo
1045 2521 1217 2599 ¹incerti
1250 2521 1445 2565 auctoris
1474 2535 1569 2567 esse

174 2602 686 2659 autumant,hancob
722 2599 1218 2665 caussam-simul
1253 2613 1380 2645 cum
1413 2606 1566 2646 cete-

1752 2600 1754 2627 1

1744 2646 1745 2650 ,
1753 2630 1754 2650 1

169 2685 258 2730 ris
292 2682 589 2731 Sallustii
623 2683 805 2730 libris
840 2681 1023 2737 edidi,
1060 2679 1187 2742 qaod
1220 2680 1338 2726 mnu·
1371 2681 1564 2742 quidem
1734 2667 1754 2964 n
