1754 2964
248 137 343 183 268
606 135 654 178 Ο.
683 135 1033 188 ‚SALLUSTI
1062 137 1290 186 CRISPI

230 250 529 297 suetudinem
574 257 621 298 et
653 253 1009 299 misericordiam
1050 256 1263 304 nominat.
1331 256 1428 302 Iam
1460 258 1639 318 pridem

245 343 462 402 equidem
494 359 576 389 nos
620 359 729 390 vera
771 361 924 390 rerum
970 348 1193 395 vocabula
1238 349 1488 406 amisimus,
1534 350 1639 409 quia

172 452 176 455 ’
244 435 368 481 bona
402 436 550 481 aliena
582 436 741 497 largiri
781 437 1052 495 liberalitas,
1097 440 1320 486 malarum
1361 452 1512 485 rerum
1555 455 1644 486 au·-

243 526 377 574 dacia
418 517 638 573 fortitudo
683 535 896 584 vocatur3
940 545 998 575 eo
1042 532 1299 592 respublica
1343 532 1391 576 in
1436 537 1638 577 extremo

173 630 231 673 12
242 619 324 672 sita
358 625 436 666 est.
512 620 614 665 Sint
642 636 787 678 --sane‚
832 623 1048 681 quoniam
1079 623 1143 668 ita
1175 639 1224 668 se
1267 638 1416 669 mores
1449 623 1637 681 habent,

241 711 453 758 liberales
499 727 554 759 ex
588 713 816 759 sociorum
858 714 1073 772 fortunis,
1119 716 1205 777 sint
1245 715 1557 774 ,misericordes
1590 716 1637 759 in

240 802 417 850 furibus
451 799 609 862 aerari,
644 821 703 851 ne
735 806 805 851 illi
838 807 1104 869 sanguinem
1135 813 1338 852 nostrum
1371 805 1634 869 largiantur,

243 899 290 945 et
323 895 435 944 dum
467 898 625 961 paucis
667 898 893 946 sceleratis
936 904 1132 962 parcunt
1163 899 1311 946 bonos
1349 899 1492 945 omnis
1523 913 1633 961 per-

334 1045 368 1087 S.
393 1043 451 1079 12.
498 1045 537 1080 ἐπ
558 1046 703 1091 furibus
730 1046 873 1093 aerari]
914 1047 1142 1092 Ablativum‚
1173 1058 1280 1093 quem
1309 1045 1370 1080 hic
1400 1054 1520 1080 omnes
1547 1042 1634 1078 libri

240 1104 439 1137 constanter
460 1105 596 1147 tenent,
620 1104 873 1149 explicavimus
896 1107 941 1142 ad
973 1119 1003 1142 c.
1028 1108 1092 1150 lx,
1117 1106 1153 1141 2.
1173 1125 1222 1131 —-
1267 1104 1417 1146 Aerari,
1443 1101 1538 1147 quod
1568 1111 1641 1138 no«.

239 1158 406 1202 tandum,
439 1160 492 1196 ita
533 1162 703 1207 scriptum
737 1164 856 1198 adhuc
894 1167 1005 1199 exstat
1039 1165 1078 1199 in
1111 1163 1230 1198 Guelf.
1253 1162 1290 1197 2.
1313 1161 1349 1196 8.
1385 1164 1419 1196 et
1442 1161 1548 1195 Bern.
1572 1158 1631 1201 4.;

238 1216 366 1252 relicui
389 1219 531 1264 vulgari
559 1220 678 1255 forma
706 1223 852 1257 aerarii.
877 1243 921 1249 —
966 1224 1024 1258 Ne
1047 1223 1072 1258 i.
1098 1234 1129 1258 e.
1163 1220 1353 1255 dummodo
1380 1230 1447 1262 ne,
1481 1217 1528 1252 cf.
1543 1214 1630 1253 Ὶιίν.

238 1274 404 1320 XXXVI,
421 1276 455 1319 1,
473 1276 509 1313 8.
541 1283 576 1313 et
609 1284 710 1315 estro
745 1280 890 1315 Italiam
915 1282 1144 1326 permissum,
1179 1283 1240 1321 ut,
1270 1279 1302 1313 si
1333 1289 1389 1312 res
1407 1277 1630 1323 postulasset,

238 1333 376 1368 auxilia
409 1334 454 1368 ab
477 1337 597 1379 sociis,
626 1349 672 1371 ne
702 1349 810 1383 supra
841 1339 991 1384 quinque
1023 1339 1173 1374 millium
1207 1347 1389 1371 numerum
1402 1361 1412 1379 ,
1446 1336 1630 1381 acciperet.

237 1390 343 1434 Quae
364 1396 546 1437 praeterea
562 1393 763 1431 Schellerus
785 1395 947 1431 laudavit
968 1395 1128 1439 exempla
1150 1395 1188 1430 in
1209 1396 1294 1430 Lex.
1317 1393 1433 1438 Ampl.
1457 1404 1491 1437 p.
1507 1391 1629 1435 666⁰„

237 1450 342 1484 velut
376 1450 449 1486 Cic.
483 1452 528 1486 de
559 1452 672 1499 Legg.
698 1454 744 1497 11,
774 1453 833 1495 26,
857 1453 914 1489 75.
944 1454 1024 1489 Liv.
1052 1454 1213 1496 xxvm,
1243 1453 1303 1495 39,
1326 1451 1408 1494 19„
1439 1450 1478 1485 in
1507 1449 1552 1503 iis
1581 1460 1628 1484 ne

237 1517 376 1543 meram
397 1509 540 1544 vetandi
568 1511 645 1546 vim
667 1512 787 1548 habet.
806 1532 852 1538 —
885 1513 944 1547 1112·
978 1513 1189 1558 sanguinem
1218 1510 1422 1557 scripsimus
1449 1518 1492 1542 ex
1511 1506 1626 1558 Vatia.

236 1564 280 1601 A.
314 1565 392 1602 Vin.
419 1566 454 1602 2.
494 1568 579 1605 Bas.
603 1570 638 1604 2.
670 1570 779 1606 Acad.
821 1570 943 1606 Struv.
981 1570 1102 1619 Guelf.
1125 1569 1159 1605 4.
1186 1569 1244 1607 1⁰.
1279 1568 1378 1604 Leia.
1400 1566 1448 1603 K.
1487 1563 1630 1600 Relicui

236 1626 356 1659 tenent
386 1625 457 1659 illis
478 1627 708 1673 sanguinem,
741 1628 836 1672 quod
858 1628 1014 1663 alienum
1036 1638 1178 1663 sensum
1208 1628 1365 1671 praebet.
1412 1625 1501 1660 Cato
1532 1622 1628 1658 enim

234 1681 483 1717 liberalitatem
528 1696 572 1719 ex
613 1686 790 1721 sociorum
829 1686 981 1722 fortunis
1023 1689 1059 1721 et
1096 1683 1376 1720 misericordiam
1414 1681 1453 1718 in
1490 1680 1628 1727 furibus

234 1739 354 1789 aerari
378 1744 545 1785 tanquam
567 1743 703 1779 leviora
739 1744 883 1789 opponit
912 1743 1051 1779 lenitati
1085 1742 1123 1778 in
1153 1742 1338 1788 puniendis
1360 1739 1572 1783 coniuratis,
1603 1752 1628 1778 a

234 1797 363 1844 quibus
393 1800 555 1835 omnibus
587 1801 687 1836 bonis
719 1803 841 1837 caedes
870 1805 996 1847 parata
1026 1802 1154 1839 fuerat.
1210 1801 1282 1836 Sed
1313 1812 1423 1846 quum
1454 1798 1628 1835 coniurati

232 1855 507 1903 inantegressis
521 1869 592 1894 non
614 1859 788 1895 nominati
809 1860 898 1903 sint,
920 1859 1046 1906 quivis,
1070 1860 1208 1904 opinor,
1230 1860 1301 1894 illis
1323 1860 1368 1894 ad
1383 1860 1486 1902 sures
1507 1857 1627 1892 aaran·

233 1915 383 1958 referet,
411 1916 506 1959 quod
530 1927 553 1951 a
575 1917 719 1952 Catonis
741 1918 911 1960 sententia
942 1929 1084 1962 prorsus
1106 1918 1263 1952 alienum
1283 1921 1348 1954 est.
1395 1918 1528 1952 Contra
1549 1915 1631 1963 cius⁵

234 1973 350 2008 oratio
387 1975 500 2009 multo
540 1975 702 2009 acerbior
730 1976 797 2018 fit,
839 1977 892 2010 illi
920 1975 1124 2020 pronomine
1160 1975 1302 2020 posito‚·
1336 1987 1406 2019 quo
1440 1985 1626 2020 perversae

232 2031 425 2075 sententiae
464 2035 625 2066 auctores
655 2033 715 2067 vel
744 2032 864 2078 potius
893 2036 1016 2068 auctor
1048 2044 1131 2068 cum
1161 2033 1200 2067 vi
1227 2036 1264 2068 et
1292 2031 1535 2079 indignatione
1559 2043 1625 2079 no-

234 2092 351 2133 tatur,
386 2090 488 2134 quasi
520 2091 724 2136 germanice
746 2091 858 2126 dicas:
891 2102 993 2126 wenu
1014 2102 1082 2126 nur
1102 2092 1197 2126 diese
1219 2092 1288 2136 (sc.
1321 2102 1361 2126 so
1382 2086 1625 2136 nachsichtige

234 2149 307 2185 und
330 2147 488 2194 geliude)
508 2149 620 2185 Lente
641 2149 740 2185 nicht
761 2161 867 2184 unser
890 2150 976 2184 Blut
997 2150 1246 2184 verschenken.
1293 2150 1484 2184 Praeterea
1502 2152 1629 2198 nostra,

234 2206 343 2242 lectio
359 2218 401 2240 eo
423 2217 563 2251 quoque
580 2207 722 2242 nomine
742 2209 911 2253 vulgatae
925 2211 1105 2252 praestare
1119 2207 1271 2251 videtur,
1282 2208 1375 2252 quod
1391 2207 1520 2253 largiri
1540 2218 1623 2242 ver-

234 2264 322 2298 bum
346 2276 414 2299 non
437 2265 484 2298 ad
507 2267 640 2299 certum
665 2265 842 2300 obiectum
863 2266 1026 2307 refertur,
1038 2266 1099 2299 sed
1121 2266 1256 2310 pariter
1277 2270 1316 2301 ut
1331 2265 1571 2307 antecedentia
1584 2265 1624 2300 in

234 2322 439 2357 universum
462 2323 597 2357 dictum
620 2327 683 2365 est,
706 2333 775 2367 quo
798 2322 906 2357 totius
927 2323 1119 2358 sententiae
1140 2322 1353 2358 concinnitas
1376 2324 1472 2358 haud
1495 2334 1620 2368 parum

234 2385 399 2425 augetur.
448 2381 533 2416 Sine
563 2380 683 2415 dativo
705 2381 799 2415 enim
823 2382 951 2426 largiri
974 2381 1057 2426 aliq.
1081 2385 1134 2416 est
1155 2381 1343 2415 liberalem
1373 2393 1450 2416 esse
1469 2381 1618 2417 alicuius

233 2438 298 2479 rei,
323 2450 391 2472 non
413 2449 560 2483 parcere
581 2437 688 2472 alicui
712 2437 786 2478 κείς
812 2439 858 2472 cf.
883 2438 959 2473 Liv.
983 2439 1045 2479 111,
1070 2439 1103 2481 l,
1129 2438 1164 2473 3.
1193 2451 1401 2484 possessores
1425 2438 1617 2483 prinoipem

234 2495 389 2530 civitatis
423 2495 679 2542 largiendo
712 2496 762 2529 de
796 2497 954 2530 alieno
987 2497 1034 2540 (ἰ.
1061 2508 1090 2530 e.
1125 2497 1267 2540 aliena)
1306 2489 1507 2541 popularem
1529 2494 1617 2538 fieri

233 2558 427 2601 querentes.
476 2555 551 2589 Cic.
581 2555 672 2598 Epp.
709 2555 753 2588 ad
785 2555 924 2588 Famm.
950 2555 1014 2597 ΠΙ,
1042 2553 1078 2597 8',
1110 2558 1196 2589 extr.
1232 2559 1365 2589 'natura
1396 2562 1529 2595 semper
1557 2552 1615 2586 ad

234 2612 531 2657 largiendum
558 2623 609 2646 ex
633 2613 868 2655 alienofui
889 2613 1088 2647 restrictior.
1111 2631 1154 2637 --
1190 2611 1364 2646 Perdiccam
1386 2613 1486 2651 eant,
1509 2619 1544 2643 v.
1568 2611 1615 2646 nd

233 2679 265 2704 ο.
282 2669 443 2714 xxxvl,
458 2668 494 2704 5.
540 2669 595 2705 Ad
615 2670 823 2706 seutentiam
843 2670 889 2705 cf.
914 2670 990 2716 lug.
1015 2669 1143 2712 xxxi,
1166 2668 1222 2703 27.
