1754 2964
174 135 248 166 vm
591 124 1149 171 PRAEFATIQ

171 240 426 286 orationem
472 243 681 301 putarem
694 273 708 298 ‚
764 241 816 287 id
858 243 1002 302 qnod:
1021 259 1166 306 saepe
1211 249 1358 290 antea·
1378 246 1577 305 factum,-

173 321 255 367 sed
283 328 333 367 nt
363 322 649 381 optimorum
667 322 891 368 libi-<irum
908 324 1194 384 scripturam,
1221 325 1258 369 si
1292 327 1392 372 ullo
1426 328 1577 373 modo*

173 401 365 459 defendi
418 407 597 462 posset,
667 408 843 461 tuerer,
871 419 1128 464 ··nunquam·
1177 412 1331 452 tamen
1347 439 1362 446 -
1378 408 1574 454 rationes

174 483 262 529 sol-i
295 481 518 539 codicum
555 483 1172 544 consensuiposthaberem.
1221 486 1309 533 'Ut
1340 487 1373 531 ii
1396 494 1574 546 autem,

174 563 257 623 qni
291 562 382 608 hac
414 548 616 609 editione
638 563 774 609 ³usuri
809 568 986 621 essent,
1026 566 1118 627 ipsi
1164 566 1238 612 de·
1253 599 1257 607 .,
1267 570 1462 628 receptis
1504 570 1577 614 le-

175 642 401 690 ctionibus
446 643 648 689 iudicare
688 651 875 704 possent
885 677 905 701 ,.
932 646 1201 705 ubicunque
1245 663 1274 692 a
1316 648 1459 694 Cortii
1499 652 1583 695 re-'

177 724 388 771 censione
423 723 636 781 discessi,
675 732 760 770 aut·
793 727 876 771 ubi
904 726 973 772 {de
1016 728 1336 780 constituendis
1379 731 1578 776 auctoris

176 805 331 852 verbis
355 804 547 867 ambigi
590 808 767 864 posset,
819 806 1068 867 scripturae
1112 809 1460 869 discrepantiam
1502 812 1579 856 vel

177 886 442 942 universim,
484 886 570 931 vel:
598 886 799 947 singulis:
824 888 1064 944 nominatis
1107 889 1340 935 codicibus
1379 891 1578 950 laudavi,

176 966 457 1022 rationibus,
472 966 650 1025 ‘quibus
682 967 901 1014 iudicium
919 975 1134 1014 nostrum
1168 971 1407 1026 niteretur,
1443 971 1580 1015 addi-

178 1048 248 1104 tis,
268 1046 661 1108 undevduplicem
693 1049 1020 1094 utilitatemad
1040 1050 1349 1096 adolescentes
1382 1067 1580 1112 perven-

178 1127 552 1174 turanrcredidi.
578 1156 580 1159 -
629 1130 835 1174 Primum
858 1131 992 1175 'enim
1033 1132 1079 1176 in
1115 1147 1227 1177 eam,
1244 1133 1580 1178 assuetudinem

181 1208 493 1266 adducuntur,
522 1215 580 1255 ,ut
611 1210 726 1255 nulli
758 1211 1028 1257 reitemere
1060 1212 1203 1256 fidem
1238 1212 1461 1268 habeant,
1497 1229 1581 1258 ne·-

179 1304 272 1349 que
306 1289 399 1334 nisi,
425 1289 487 1335 iis
520 1290 716 1351 cognitis
760 1298 1069 1352 accurateque*
1096 1292 1383 1352 ponderatis,
1417 1294 1580 1353 quibus

179 1385 482 1429 unaquaeqne
534 1385 607 1415 res
663 1371 856 1429 nitatur,
909 1379 1035 1419 recte
1086 1389 1134 1418 se
1187 1373 1390 1419 iudicare
1417 1390 1581 1435 >posse
1618 1384 1626 1388 “

181 1450 430 1506 confidant,
452 1450 580 1510 qnod
613 1452 744 1497 nobis
778 1453 910 1499 haud
941 1469 1048 1499 sane
1081 1454 1183 1499 leve
1216 1461 1264 1500 et
1285 1461 1582 1501 contemnen-

181 1531 295 1577 dum
340 1530 533 1576 videtur.
613 1532 738 1577 Tum
794 1535 957 1581 criticis
1009 1533 1368 1595 quaestionibus,
1420 1537 1581 1596 quibus

180 1612 295 1672 quid
337 1627 524 1671 quoqne
569 1613 676 1659 loco
720 1629 878 1660 verum
923 1615 979 1662 sit
1011 1617 1087 1661 via
1131 1622 1178 1662 et
1208 1617 1383 1661 ratione
1417 1617 1582 1678 explo-

182 1699 320 1749 ratur,
345 1692 459 1737 nihil
486 1694 661 1754 aptius,
695 1694 904 1754 nihilque
939 1696 1172 1743 efficacius
1208 1710 1303 1743 esse
1335 1701 1488 1759 potest
1521 1699 1583 1745 ad

182 1774 377 1820 iuvenile
415 1773 649 1836 ingenium
698 1775 1010 1822 exacuendum
1062 1783 1199 1837 atque
1243 1779 1337 1824 acri
1381 1786 1584 1825 veterum

183 1857 445 1917 linguarum
480 1854 634 1900 >studio
668 1854 1029 1914 incendendum,
1072 1858 1110 1902 si
1154 1857 1298 1903 modo
1341 1859 1404 1904 ita
1447 1860 1585 1906 facti-

184 1944 306 1984 tetur
337 1952 427 1982 ars
446 1935 616 1992 critica,
650 1941 700 1980 ut
733 1936 789 1992 ii,
823 1937 903 1997 qui
937 1938 1152 2000 exiguum
1182 1939 1339 1985 adhuc
1371 1941 1447 1985 vel
1480 1941 1587 1986 nul-

185 2019 285 2065 lum
335 2017 439 2063 eius
474 2032 606 2064 usum
650 2016 848 2074 habent,
904 2018 999 2063 eius
1041 2020 1134 2066 vim
1177 2025 1224 2065 et
1263 2023 1586 2081 praestantiam

186 2099 350 2146 sentire
393 2098 580 2160 possint.
665 2097 764 2144 Sed
804 2114 897 2144 non
946 2113 1063 2159 opus
1114 2105 1182 2145 est
1221 2101 1430 2160 pluribus
1484 2117 1588 2148 eam

187 2196 287 2227 rem
321 2179 667 2236 commendare,
714 2194 856 2238 quum
899 2179 1044 2226 hodie
1075 2180 1192 2225 inter
1222 2194 1382 2227 omnes
1415 2189 1589 2229 constet

188 2262 318 2308 haud
372 2276 538 2322 parum
586 2262 820 2307 consulere
876 2260 1231 2307 adolescentium
1282 2262 1461 2320 studiis,
1508 2265 1588 2322 qni

190 2359 290 2389 rem
347 2342 550 2388 criticam
606 2359 635 2387 a
678 2343 910 2402 superiore
966 2341 1228 2389 scholarum
1282 2342 1454 2387 ordine*
1494 2359 1587 2389 non

192 2424 330 2486 plane
373 2423 619 2468 arcendam
661 2428 845 2483 putent,
889 2422 971 2467 sed
1018 2439 1119 2468 eam
1164 2423 1346 2468 salutari
1389 2423 1589 2471 instituto

191 2512 290 2550 tum
323 2504 370 2548 in
403 2505 724 2564 praelegendis
766 2510 863 2548 tum
898 2505 945 2547 in
989 2504 1175 2548 edendis
1218 2503 1443 2548 veteribus
1477 2505 1591 2550 scri-

191 2585 398 2648 ptoribus
433 2601 538 2631 cum
572 2585 939 2646 interpretatione
969 2574 1257 2644 coni‘ungant.
1329 2583 1590 2630 Occurren-

194 2668 323 2716 dum„
352 2672 504 2713 autem
550 2682 707 2712 eorum
753 2665 935 2711 videtur
989 2665 1413 2726 vituperationibus,
1470 2681 1588 2725 quos
