1754 2964
269 118 357 160 eoo
416 96 421 103 ’
621 113 673 157 c.
701 114 1050 160 sALLth'n
1086 116 1321 164 ciusm

230 237 380 277 3tare.
461 230 608 291 Igitur
652 219 744 277 ubi'
790 232 876 277 iter
931 233 1024 280 eius
1071 249 1127 280 ex
1178 214 1386 298 perfugis
1437 238 1666 299 cognovit,

267 329 414 369 castra
455 337 658 383 propere
691 323 857 380 movit,
899 338 957 370 ac
991 316 1079 370 sub
1123 326 1230 387 ipsis
1269 328 1496 376 radicibus
1534 344 1667 374 mon—-

267 414 382 460 tium
427 415 655 473 consedit,
711 429 803 475 qua
843 415 912 460 illi
957 415 1197 464 descensus
1244 425 1341 465 erat
1381 420 1428 465 iu
1462 419 1665 467 Galliam

265 559 320 595 rei
337 570 525 605 praeesse,
549 562 612 598 aut
634 559 843 606 simpliciter
863 571 1047 606 praeesse,
1079 573 1152 607 quo
1174 573 1278 599 sensu
1300 564 1410 600 etiam
1431 576 1526 611 rcum
1555 574 1664 601 aceu-

265 618 381 655 sativo
404 618 639 662 construitur,
661 619 708 654 cf.
733 619 934 655 Ernestium
958 620 1004 655 ad
1027 618 1146 656 Tacit.
1167 620 1256 657 Anu.
1272 622 1333 666 Ill,
1346 622 1412 666 39,
1434 619 1497 658 iu(
1515 623 1558 659 P.
1583 623 1664 659 Vel-

265 677 354 712 leius
373 677 568 721 proximum
591 678 777 713 exercitum
798 678 1045 722 praesidebat,
1067 681 1102 713 et
1123 678 1284 723 Lipsium
1306 680 1354 715 ad
1376 680 1457 723 ΧΠ,
1485 679 1544 724 29,
1568 682 1662 715 med.

264 736 420 781 scripsit·
446 735 485 769 P.
518 737 648 771 Atellio
689 737 836 778 Histro,
877 736 939 781 qui
977 736 1196 770 Pannoniam
1229 738 1467 782 praesidebat.
1534 739 1663 774 Paullo

265 793 370 828 aliter
393 793 494 827 Caes.
517 794 562 828 Β.
587 793 628 828 C.
648 793 677 838 Ι,
700 792 760 836 85,
782 792 821 828 8.'
849 793 993 828 urbanis
1019 795 1222 839 praesidere
1251 796 1354 831 rebus
1385 795 1472 831 dixit
1499 807 1565 841 pro
1579 807 1663 830 -mo-

264 850 386 885 derari
416 861 473 886 res
500 852 667 887 urbanas.
707 852 797 887 Tac.
829 851 920 889 Anu.
947 851 1010 896 111,
1040 850 1100 894 33,
1123 852 1215 887 med.
1240 854 1462 899 praesedisse
1485 855 1661 900 seminam

263 909 426 943 exercitio
449 909 650 944 cohortium.
1431 950 1441 954 Α

357 978 399 1001 ex
421 967 655 1013 difficultate]
686 966 717 1001 1.
742 978 774 1002 e.
794 972 939 1013 propter
968 968 1068 1013 diffi3
1101 979 1143 1003 ex
1166 967 1261 1002 euim
1283 979 1446 1004 caussam
1467 969 1655 1016 signifieat,

262 1024 356 1059 unde
379 1024 514 1069 aliquid
535 1025 800 1070 proficienaum
838 1037 872 1060 τ’.
900 1027 946 1060 ad
970 1037 1002 1060 c.
1022 1027 1101 1069 ΧΠ,
1119 1025 1156 1060 2.
1186 1026 1330 1069 XXX-V,
1352 1027 1388 1062 2.
1423 1027 1521 1063 Caes.
1543 1028 1588 1063 B.
1613 1027 1657 1063 G.

261 1083 299 1124 1,
329 1083 394 1127 14,
427 1082 463 1118 5.
505 1095 571 1129 quo
603 1083 752 1129 gravius
784 1082 940 1118 homines
983 1096 1025 1119 ex
1057 1085 1324 1119 commutatione
1353 1095 1472 1120 rerum
1505 1086 1658 1121 doleant.

261 1141 341 1176 niv.
370 1142 423 1183 11,
452 1140 519 1184 52,
544 1141 578 1175 2.
614 1152 656 1175 ex
689 1141 791 1186 copia
825 1142 988 1176 lascivire
1030 1154 1151 1177 rursus
1184 1142 1304 1176 animi.
1331 1161 1379 1168 —
1419 1143 1537 1179 Verba
1567 1155 1658 1189 qnae

261 1210 370 1244 supra
394 1199 544 1234 discimus
566 1198 757 1234 levissimis
786 1199 845 1233 vel
874 1199 984 1234 nullis
1018 1200 1140 1245 potius
1169 1199 1365 1235 rationibus
1394 1210 1417 1235 a
1449 1201 1602 1236 Grutero
1623 1205 1660 1237 et

261 1257 382 1292 Cottio
425 1257 463 1292 in
497 1256 732 1301 suspicionem
770 1260 918 1298 vocata,
951 1259 987 1291 et
1018 1267 1040 1292 a
1071 1257 1229 1302 Bipoutt.
1262 1261 1299 1293 et
1327 1258 1482 1294 Miillero
1512 1259 1661 1294 fidenter

259 1314 386 1357 deleta,
410 1315 629 1360 postliminio
651 1313 866 1351 reduximus.
912 1313 1005 1348 Nam
1035 1318 1284 1359 praeterquam
1306 1316 1400 1360 quod
1422 1315 1521 1350 codd.
1545 1315 1661 1352 omni-
1679 1311 1683 1315 ’

257 1371 326 1406 bus
367 1377 625 1416 sustentantur,
676 1372 722 1407 ad
761 1372 957 1406 sententiae
998 1371 1283 1417 perspicuitatem
1328 1373 1526 1409 necessaria
1565 1377 1658 1416 suut,

256 1432 424 1474 recteque
446 1430 603 1476 nangius
625 1430 778 1473 monuit,
803 1429 833 1465 si
857 1429 994 1472 absint,
1015 1441 1127 1474 neque
1150 1429 1321 1475 intelligi,
1343 1441 1414 1474 quo
1437 1432 1561 1466 eadem
1589 1431 1655 1466 illa

257 1487 477 1533 pertineant,
519 1492 555 1524 et
583 1489 650 1524 illa
692 1499 878 1534 perperam
920 1487 1074 1532 positum
1113 1487 1240 1524 videri.
1300 1488 1498 1525 Verborum
1535 1500 1656 1524 seusus

257 1548 377 1579 autem
407 1546 468 1580 hic
505 1550 579 1582 est:
613 1548 656 1582 de
687 1546 842 1582 consiliis
866 1546 1043 1581 Catilinae
1072 1558 1115 1581 ex
1147 1557 1216 1581 rcr.
1252 1545 1332 1581 diff.
1359 1551 1453 1582 reete
1483 1547 1655 1590 iudicans,

257 1602 284 1637 i.
307 1615 339 1639 e.
363 1604 400 1638 id
423 1605 515 1649 quod
538 1617 663 1640 revera
685 1605 844 1640 facturus
867 1607 958 1647 erat,
981 1608 1023 1640 ut
1045 1603 1152 1640 modo
1175 1603 1340 1648 diximus,
1361 1605 1459 1640 certa
1479 1605 1524 1640 do
1546 1605 1654 1640 rebus

256 1661 334 1696 eius
356 1663 490 1706 asperis
512 1663 713 1699 coniecturd
735 1665 928 1698 assecutus.

350 1722 383 1763 §-
419 1720 454 1756 3.
511 1726 630 1756 castra
662 1721 795 1766 movit]
838 1720 1044 1759 Perfectum
1076 1731 1197 1756 omnes
1230 1721 1374 1757 omniuo
1402 1722 1522 1757 teuent
1551 1720 1651 1756 codd.

255 1781 400 1823 praeter
420 1789 530 1813 unum
555 1779 675 1814 Guelf.
697 1778 746 1821 5.,
776 1790 820 1813 ex
849 1789 919 1823 quo
943 1778 1084 1813 Cottius
1115 1784 1230 1814 movet
1262 1780 1372 1814 textui
1397 1778 1536 1821 intulit3
1559 1779 1654 1823 quod

257 1847 472 1880 quamquam
504 1835 591 1870 ferri
620 1840 755 1880 potest,
790 1840 830 1871 ut
861 1835 1045 1870 docuimus
1077 1836 1123 1869 ad
1153 1847 1186 1870 c.
1213 1837 1301 1879 XX,
1331 1839 1386 1880 1.‚
1418 1840 1537 1872 tamen
1569 1847 1652 1871 cum

257 1893 451 1930 Gerlachio
481 1894 681 1938 putavimus
710 1906 780 1929 non
811 1897 944 1929 temere
970 1904 994 1928 a
1016 1893 1179 1928 codicum
1208 1894 1420 1929 auctoritate
1446 1905 1523 1928 esse
1550 1905 1652 1928 rece-

256 1951 420 1986 dendum.
466 1952 600 1987 Eadem
624 1953 668 1987 de
689 1943 814 1987 mussa
847 1951 969 1986 statim
992 1954 1072 1995 post
1102 1952 1213 1986 verba
1245 1951 1464 1986 restituimus
1493 1952 1533 1986 in
1563 1951 1650 1986 Gal-

255 2010 342 2044 liam
362 2011 590 2055 properanti,
613 2021 706 2055 quae
728 2018 942 2054 quamquam
965 2018 1010 2041 ne
1032 2007 1070 2042 in
1091 2018 1164 2042 uno
1195 2007 1339 2052 quidem
1360 2009 1480 2044 codice
1511 2009 1649 2054 absunt,

255 2071 374 2103 tamen
409 2078 432 2102 a
463 2067 605 2110 Cottio,
637 2067 852 2102 futilissimis
885 2064 1081 2101 rationibus
1119 2065 1400 2110 obtemperante,
1432 2066 1567 2102 uncinis
1595 2066 1651 2101 in-

256 2125 370 2167 elusa,
394 2128 500 2170 atque
523 2137 546 2160 a
568 2126 726 2170 Bipontt.
752 2125 863 2160 eiecta
884 2127 975 2160 sunt.
1020 2122 1125 2164 scite,
1139 2126 1258 2158 autem
1280 2124 1417 2161 monuit
1438 2123 1652 2170 Herzogins,

252 2185 458 2228 properanti
488 2195 632 2229 prorsus
654 2183 890 2219 necessarium
913 2191 1009 2223 esse,
1042 2180 1089 2216 ad
1118 2182 1269 2226 prudeus
1298 2181 1436 2218 Metelli
1465 2181 1650 2216 consilium

255 2241 566 2286 signifieandum.'
607 2241 699 2276 Nam
742 2252 853 2285 quum
895 2239 1048 2274 Catilina
1086 2239 1183 2274 haud
1221 2239 1327 2275 dubie
1366 2240 1525 2285 pluribus
1566 2240 1649 2274 locis
1694 2256 1696 2258 ’
1737 2222 1754 2276 {

257 2298 464 2333 descendere
486 2303 620 2343 posset,
651 2299 812 2334 hostibus
841 2310 912 2334 nou
943 2296 1171 2338 instantibus,
1203 2301 1286 2332 tuuc
1314 2297 1474 2343 undique
1496 2297 1649 2332 circum-

256 2360 381 2389 ventus
405 2366 663 2401 properansque
686 2358 835 2395 evadere
858 2357 1095 2391 brevissimam
1117 2355 1214 2390 viam
1236 2355 1356 2401 elegit,
1385 2356 1478 2400 quod
1500 2354 1648 2390 sentiens

256 2411 422 2446 Metellus
444 2413 510 2447 illo
543 2414 619 2458 ipso
649 2414 728 2449 loco
751 2415 785 2448 ei
809 2415 955 2451 obstitit.
973 2433 1019 2440 —-
1059 2414 1221 2448 Consedit
1252 2412 1278 2448 i:
1301 2410 1346 2447 es
1365 2417 1481 2449 castra
1508 2410 1645 2455 powst?

256 2470 358 2509 Caes,
390 2471 435 2505 B.
467 2471 513 2506 G.
541 2472 579 2516 1,
605 2472 664 2507 21.
695 2473 725 2514 Ι,
755 2472 812 2509 49.
840 2493 888 2500 -
931 2473 1010 2516 Qua
1047 2471 1183 2506 abiecta
1223 2469 1460 2516 grammatica
1491 2467 1645 2502 rectione

256 2527 424 2562 adverbii*
439 2532 601 2564 naturam
634 2529 787 2566 induisse
818 2529 1039 2566 notissimum
1061 2531 1137 2569 εὼς
1173 2540 1208 2564 v.
1241 2529 1333 2562 Cort.
1357 2528 1402 2573 ad
1423 2527 1461 2560 h.
1485 2526 1511 2559 l.
1552 2525 1643 2559 Gro-

257 2595 336 2619 nov.
369 2585 414 2619 ad
445 2586 524 2621 Liv.
550 2587 579 2629 1,
608 2588 667 2631 23,
700 2586 733 2622 5.
781 2588 957 2624 Drakenb.
990 2587 1034 2622 ad
1059 2586 1100 2619 V.
1127 2586 1184 2628 87,
1215 2585 1248 2622 7.
1287 2583 1450 2619 Bremius
1481 2583 1527 2618 ad
1557 2582 1643 2627 Nep.

256 2642 351 2680 Milt.
369 2643 430 2686 111,
447 2645 481 2680 1.
514 2645 679 2681 Moebius
702 2645 748 2682 ad
771 2645 870 2692 Caes.
893 2645 935 2681 B.
964 2645 1009 2680 G.
1037 2644 1066 2688 1,
1084 2643 1120 2678 6·.
