1754 2964
253 178 342 221 26⁰
404 187 406 193 ·
600 174 648 217 e.
686 173 1032 221 SALLUs‘m
1071 176 1307 222 cmsm
1354 141 1358 146 ’

260 292 354 353 pti,
400 291 640 352 quominus
685 308 853 339 novum
897 293 1132 339 consilium
1177 293 1407 354 capiamus
1439 294 1658 356 imprimis

188 390 246 435 42
262 399 477 445 magnam
541 388 673 444 puto.
760 384 978 430 Profecto
1044 386 1181 431 virtus
1242 392 1380 445 atque
1439 387 1658 448 sapientia

258 476 402 521 maior
446 475 494 523 in
537 475 626 519 illis
677 475 783 531 fuit,
835 477 913 535 qui
958 491 1016 522 ex
1067 478 1217 538 parvis
1268 478 1434 538 opibus
1482 484 1657 525 tantum

257 567 498 628 imperium
533 567 701 623 fecere,
737 583 875 626 quam
906 569 966 625 in¹
986 569 1131 626 nobis,
1156 569 1245 628 ,qui
1280 585 1334 614 ea
1369 570 1487 615 bene
1521 576 1655 631 parta

191 663 248 708 43
261 659 331 703 vix
365 658 617 703 retinemus.
694 659 856 705 Placet
898 661 1037 722 igitur
1072 676 1149 707 eos
1195 661 1359 706 dimitti
1406 668 1450 706 et
1485 677 1655 723 augere

258 750 503 805 exercitum
524 749 775 796 Catilinae?
804 751 1035 809 Minume;
1069 752 1152 798 sed
1186 752 1248 797 ita
1277 767 1463 800 censeo:
1497 754 1655 813 publi-

258 921 298 954 ut
321 919 456 964 penitus
478 920 595 953 mente
623 918 695 953 fixa
726 918 873 954 haereat
906 929 1018 963 neque
1051 919 1274 966 negligatur,
1310 921 1373 955 aut
1398 919 1559 964 omnino,
1589 919 1652 955 ubi

258 978 429 1013 orationis
451 976 695 1022 perspicuitati
717 977 971 1012 consulendum
993 980 1134 1022 putant,
1159 978 1253 1022 quod
1275 988 1380 1021 saepe
1403 977 1499 1021 apud
1521 977 1653 1012 Caesa-

257 1046 335 1070 rem
363 1035 447 1070 licet
479 1035 779 1077 animadvertere3
823 1034 869 1068 cf.
894 1034 994 1071 Caes.
1017 1034 1061 1069 Β.
1087 1034 1132 1070 G.
1159 1036 1188 1078 Ι,
1222 1033 1281 1077 16,
1311 1034 1347 1071 5.
1380 1035 1473 1069 diem
1506 1035 1652 1076 instare,

258 1105 326 1139 quo
361 1093 418 1141 die
443 1094 663 1136 frumentum
694 1093 862 1127 militibus
885 1093 1002 1126 metiri
1033 1097 1216 1137 oporteret.
1257 1092 1286 1134 1,
1305 1090 1364 1134 49,
1385 1092 1419 1126 1.
1452 1093 1548 1127 ultra
1572 1102 1652 1126 eum

259 1152 387 1194 locum,
421 1163 486 1197 qno
506 1151 544 1185 in
567 1150 638 1184 loco
667 1150 842 1184 Germani
865 1150 1103 1184 consederant.
1154 1150 1230 1185 Cic.
1260 1150 1361 1187 Verr.
1387 1150 1440 1192 11,
1470 1140 1537 1193 7¹4,
1568 1149 1650 1185 183.

261 1214 365 1244 erant
395 1209 482 1244 haec
514 1219 555 1242 ex
586 1219 626 1241 eo
662 1218 816 1252 genere,
859 1208 951 1252 quod
983 1219 1048 1253 ego
1077 1209 1229 1242 maxime
1261 1218 1375 1253 genus
1406 1219 1448 1243 ex
1482 1208 1651 1242 sociorum

262 1268 388 1302 litteris
420 1266 571 1311 reperire
604 1266 793 1310 cupiebam.
825 1277 860 1310 p.
886 1265 980 1300 Sext.
1005 1264 1064 1308 45,
1095 1266 1153 1301 96.
1188 1267 1256 1301 duo
1285 1277 1419 1312 genera
1447 1276 1583 1310 semper
1612 1266 1651 1300 in

261 1324 328 1358 hae
360 1325 502 1358 civitate
538 1326 711 1368 suerunt,
747 1342 794 1348 —
824 1324 946 1367 quibus
977 1334 1019 1358 ex
1056 1325 1255 1369 generibus.
1309 1323 1400 1368 Epp.
1431 1323 1478 1370 ad
1508 1317 1649 1360 Famin.

259 1382 323 1424 lx,
345 1382 404 1424 13,
435 1382 513 1416 init.
545 1393 726 1426 oppressus
758 1386 810 1415 est
841 1382 934 1415 enim
966 1381 1052 1415 bello
1084 1383 1285 1426 repentino,
1317 1381 1409 1426 quod
1431 1380 1556 1414 bellum
1579 1385 1648 1415 etc.

259 1438 309 1474 ib.
335 1439 438 1480 xm,
464 1437 531 1482 58,
556 1439 604 1473 in.
653 1439 829 1473 Custidius
862 1451 1022 1473 caussam
1053 1439 1179 1483 habet,
1219 1449 1326 1484 qnam
1358 1449 1519 1471 caussam
1542 1438 1591 1471 ad
1612 1442 1650 1472 te

260 1498 424 1541 deseret.'
452 1497 536 1531 Ter.
570 1496 716 1531 Phor-m.
750 1497 846 1531 Prol.
887 1507 922 1531 v.
942 1497 1000 1531 33.
1070 1498 1160 1531 Cum
1192 1496 1268 1538 his,
1302 1506 1394 1540 quae
1425 1494 1537 1530 cor-tii
1567 1494 1648 1528 dili-

256 1542 404 1599 ’gentiae
443 1554 630 1596 debentur,
673 1554 718 1588 cf.
750 1555 871 1587 notata
900 1553 1103 1588 Ruhnkenii
1134 1554 1180 1588 ad
1210 1554 1342 1599 Hecyr.
1372 1553 1468 1588 Ptol.
1493 1553 1538 1587 Π.
1559 1564 1593 1587 v.
1613 1552 1650 1587 8.

260 1613 322 1647 Fr.
346 1611 561 1658 Heusinger-i
592 1613 636 1647 ad
668 1611 742 1647 Cic.
774 1610 845 1646 Off.
873 1611 900 1653 1,
927 1611 986 1653 31,
1012 1611 1046 1645 2.
1075 1612 1250 1647 Matthiae
1273 1611 1319 1646 ad
1349 1613 1438 1645 orat.
1468 1621 1507 1654 p,
1541 1609 1648 1647 Rosc.

256 1671 376 1706 Amet.
401 1683 432 1704 c.
458 1671 519 1714 10,
545 1669 604 1704 28.
638 1669 805 1703 Goerenz.
840 1668 886 1702 ad
918 1669 990 1703 Cic.
1023 1669 1062 1703 in
1093 1668 1197 1703 catil.
1222 1668 1260 1709 1,
1286 1668 1331 1710 3,
1357 1667 1394 1703 ⁷.
1434 1666 1570 1701 Moebii
1603 1667 1650 1706 ad

259 1728 360 1762 Caes.
384 1727 428 1761 Β.
464 1728 509 1762 G.
539 1727 569 1770 1,
596 1727 628 1762 6.
670 1726 815 1761 Heindf.
849 1726 895 1760 ad
927 1726 1001 1761 Cic.
1033 1727 1077 1762 de
1109 1727 1153 1762 N.
1177 1727 1221 1760 D.
1246 1726 1275 1768 Ι,
1303 1725 1362 1768 22,
1394 1723 1452 1759 9⁰.
1475 1740 1523 1749 -
1561 1725 1651 1759 Sunt

256 1789 336 1831 post
364 1775 540 1829 paratae,
584 1787 619 1818 et
648 1788 700 1818 est
731 1786 810 1828 post
841 1785 1049 1828 permissum
1088 1795 1210 1818 omnes
1249 1786 1366 1817 tenent
1400 1781 1584 1817 Leidenses
1613 1785 1651 1817 et

259 1842 444 1878 Gerlachii
467 1841 572 1883 libri;
595 1841 734 1876 Coi-tius
751 1845 939 1886 utrumque
962 1841 1076 1884 eiecit,
1094 1840 1187 1875 nihil
1209 1840 1252 1875 de
1275 1839 1375 1874 codd.
1397 1838 1470 1875 suis
1483 1850 1649 1882 monens3

256 1911 370 1945 neque
392 1899 448 1934 illi
470 1903 587 1935 tamen
610 1899 648 1933 in
671 1898 736 1933 tali
759 1910 798 1932 re
820 1910 953 1944 magna
975 1899 1060 1933 fides
1083 1897 1246 1933 habenda
1267 1897 1418 1932 videtur.

349 1961 381 2002 §.
405 1958 464 1993 42.
510 1969 555 1991 ea
578 1958 660 1991 bene
681 1957 814 2001 parta]
860 1958 961 1991 Haec
991 1967 1093 1990 sensu
1126 1960 1281 1997 tantum,
1314 1966 1385 1989 non
1406 1952 1648 2002 grammatica

256 2016 392 2051 ratione
423 2016 469 2051 ad
512 2018 752 2061 antegressum
784 2025 910 2049 vocem
949 2015 1131 2059 imperium
1166 2013 1386 2055 referuntur-3
1430 2024 1521 2057 quae
1551 2012 1647 2048 enim

256 2078 361 2109 antea
392 2074 429 2109 in
458 2084 568 2108 unum
601 2072 804 2116 complexus
827 2065 922 2114 erat,
953 2083 997 2107 ea
1027 2082 1117 2105 nunc
1151 2069 1188 2104 in
1219 2079 1298 2104 suas
1326 2074 1445 2114 partes
1475 2070 1647 2106 disiuncta

258 2133 401 2179 cogitat,
425 2133 518 2176 quod
541 2134 635 2165 recto
657 2129 794 2164 monuit
818 2128 1077 2163 Ramshornius
1102 2129 1261 2163 Gramm.
1284 2127 1361 2163 Lat.
1386 2131 1420 2172 §.
1441 2127 1521 2164 159.
1553 2129 1586 2171 2,
1610 2140 1644 2165 c.

255 2203 292 2238 p.
319 2190 400 2225 357.
435 2188 604 2224 Geminus
627 2188 701 2221 fere
723 2187 823 2221 loeus
846 2190 900 2221 est
922 2186 1039 2222 Tacit.
1065 2187 1150 2220 Anu.
1173 2186 1230 2226 IV,
1251 2184 1284 2224 5,
1307 2186 1399 2220 med.
1425 2191 1645 2232 ‘quantum

256 2249 396 2295 ingenti
439 2253 614 2282 terrarum
652 2246 732 2279 sinu
765 2245 939 2287 ambitur,
980 2250 1145 2290 quattuor
1186 2243 1380 2288 legionibus
1425 2244 1643 2278 coercita.

252 2308 443 2343 Praeterea
475 2305 584 2339 etiam
616 2302 768 2337 conferri
800 2303 972 2347 quaedam
1002 2314 1045 2336 ex
1069 2301 1112 2335 iis
1144 2304 1307 2345 possunt,
1341 2311 1431 2345 quae
1447 2301 1644 2335 ,attulimus

254 2366 298 2400 ad
322 2377 351 2399 e.
378 2353 511 2403 xvm,
543 2362 575 2396 1.
620 2361 698 2395 Non
735 2364 787 2394 est
818 2360 930 2406 igitur
961 2371 1068 2404 opus,
1100 2362 1139 2392 ut
1170 2369 1250 2392 cum
1284 2357 1322 2392 Ο.
1347 2358 1410 2392 Fr.
1434 2356 1642 2392 Heinrichio

252 2422 427 2458 scribatur
450 2420 541 2464 haec*
562 2421 646 2453 bene
665 2423 796 2463 parta,
819 2430 887 2462 quo
919 2429 1081 2461 praesens
1110 2416 1323 2459 reipublicae
1356 2420 1469 2450 status
1499 2419 1540 2449 et
1558 2425 1640 2447 con-

251 2481 343 2515 dicio
373 2477 653 2524 significaretur,
692 2476 785 2520 quod
815 2477 860 2511 ad
891 2473 1121 2520 oppositionis
1159 2474 1333 2508 rationem
1363 2472 1480 2508 minus
1517 2473 1641 2516 aptum

247 2536 398 2588 videtur.
1071 2555 1083 2574 4

342 2597 375 2638 §.
411 2592 468 2628 43.
528 2592 688 2637 augere]
726 2591 844 2636 Vulgo
887 2590 1000 2624 editur
1031 2588 1181 2634 augeri‚·
1219 2587 1280 2622 sed
1319 2587 1433 2622 multo
1463 2588 1642 2630 praestare

247 2654 385 2689 videtur
408 2662 563 2699 augere,
595 2649 687 2693 quod
710 2648 808 2683 Leid.
837 2648 891 2682 Κ.»
917 2651 953 2682 et
974 2646 1017 2683 N.
1049 2647 1224 2681 exhibent.
1272 2644 1448 2690 Quoniam
1471 2643 1564 2677 enim
1596 2643 1640 2679 de

244 2708 483 2747 condemnatis
512 2706 666 2743 maxime
689 2706 832 2752 agitur,
862 2715 1032 2750 perquam
1054 2702 1276 2739 incommode
1296 2714 1430 2738 nomm
1466 2702 1638 2738 exercitus
