1754 2964
225 149 283 192 44
563 147 610 190 C.
649 147 994 191 SALLUSTI
1034 150 1298 193 CRISPI‘

226 263 472 320 existumo3
515 264 618 309 satis
679 265 859 325 amplae
914 267 1276 327 magnificaeque
1298 268 1301 271 ⁴
1325 267 1480 328 fuere,
1532 286 1612 315 ve·-

224 370 325 399 rum
362 355 594 413 aliquanto
631 355 825 400 minores
861 362 1035 413 tamen,
1071 373 1208 417 quam
1242 359 1366 404 fama
1399 361 1612 406 feruntur.

177 452 204 491 3
226 445 321 491 Sed
357 446 465 505 quia
511 461 765 507 provenere
798 447 864 492 ibi
907 449 1178 509 scriptorum
1211 466 1378 512 magna
1418 453 1612 514 ingenia,

224 553 312 598 per
345 544 566 584 terrarum
610 539 770 584 orbem
802 538 1140 590 Atheniensium
1182 543 1302 589 facta
1336 515 1422 603 Ρῐο
1455 558 1614 590 maxu-

177 641 208 681 4
223 631 307 675 mis
349 630 648 676 celebrantur.
727 630 798 674 lta
851 645 1008 678 eornm
1053 635 1132 692 qui
1176 650 1230 679 ea
1280 634 1434 680 fecere
1477 635 1612 680 virtus

222 728 349 767 tanta
395 721 614 779 habetur,
650 727 867 781 quantum
911 724 1061 770 verbis
1105 741 1206 780 eam
1238 733 1428 787 potuere
1462 727 1612 772 extol-

223 878 367 916 Sueton.
391 878 517 915 Octnv.
565 889 594 913 c.
614 877 672 914 57.
695 881 731 914 et
750 878 932 915 Tellernm
964 880 1001 916 in
1023 881 1142 916 Indice
1168 893 1204 927 p.
1224 881 1307 918 29⁰.
1330 882 1470 926 statuit,
1494 888 1611 920 uectu-

220 949 322 972 mare
365 949 439 972 esse
490 949 532 972 ex
579 938 708 972 caussis
750 939 853 972 certis
903 937 1080 980 iudicare,
1122 941 1212 984 quod
1253 941 1443 975 deliberato
1495 942 1610 976 animo

213 998 289 1040 fiat
306 997 345 1030 in
367 1008 406 1030 re
429 996 474 1030 ab
498 1000 647 1041 utraque
669 1001 772 1041 parte
794 995 965 1040 probabili
972 1008 987 1036 ,-
1009 1007 1099 1040 quae
1121 997 1310 1041 explicatio
1332 998 1448 1043 potius
1469 998 1506 1033 in
1528 1010 1612 1034 ver·-

223 1054 310 1088 bum
333 1054 545 1089 existumare
568 1054 673 1096 cadit,
695 1066 730 1088 v.
754 1055 912 1098 Herzog.
937 1053 982 1087 ad
1006 1054 1102 1088 Caes.
1130 1054 1176 1089 Β.
1199 1056 1243 1090 G.
1265 1057 1309 1098 11,
1332 1056 1377 1090 17
1396 1061 1482 1091 extr.
1526 1057 1611 1091 Sal-

222 1112 346 1147 lustius
369 1111 466 1146 enim
487 1119 608 1147 rernm
632 1113 678 1147 ab
701 1111 972 1146 Atheniensibus
994 1115 1175 1156 gestarum
1198 1112 1312 1157 pretio
1335 1115 1429 1158 apud
1452 1114 1610 1150 animum

221 1182 327 1205 suum
352 1169 540 1205 constituto
564 1173 670 1214 atque
691 1170 909 1214 ponderato,
941 1169 1022 1203 inde
1053 1168 1186 1204 iudicat
1208 1181 1267 1204 ens
1290 1182 1359 1205 non
1380 1171 1432 1207 ita
1461 1183 1610 1217 magnas

220 1239 308 1271 esse,
331 1230 372 1262 ut
394 1229 492 1263 fama
514 1228 682 1263 ferantur.
719 1226 870 1262 Omnino
894 1225 1004 1271 igitur
1027 1227 1192 1261 existumo
1215 1227 1439 1264 scribendum‘
1459 1230 1609 1273 videtur,

219 1286 283 1321 ubi
306 1286 530 1321 accusativus
552 1297 584 1320 c.
607 1286 672 1319 inf.
697 1285 847 1319 verbum
871 1283 1020 1328 exeipit,
1043 1283 1127 1328 quia
1150 1284 1201 1319 ita
1223 1297 1362 1330 semper
1384 1287 1494 1322 animi
1516 1288 1609 1332 iudi-

220 1345 317 1378 cium
341 1343 580 1389 significatur3
604 1348 761 1378 aestnmo
785 1347 902 1377 autem
925 1344 1020 1375 recte
1043 1341 1172 1384 habet,
1207 1342 1239 1377 ai
1260 1343 1307 1378 ml
1329 1345 1443 1380 solum
1465 1357 1608 1381 accusa-

195 1423 198 1433 .
219 1402 335 1437 tivum
358 1401 487 1436 obiecti
510 1401 685 1443 refertur,
717 1400 814 1434 velut
836 1411 868 1433 c.
887 1399 934 1441 11,
951 1398 985 1433 8.
1009 1399 1129 1441 Lvffl,
1149 1398 1207 1434 18.
1252 1401 1359 1438 Haud
1382 1402 1621 1446 dissimiliter-‚⁴

217 1460 281 1495 sed
304 1471 375 1494 non
399 1458 483 1494 satis
507 1462 694 1501 accurate,
725 1462 911 1501 utrumque
941 1457 1089 1491 verbum
1121 1456 1279 1501 distinxit
1301 1459 1438 1494 eortius
1459 1461 1504 1494 ad
1525 1461 1606 1506 lug.

220 1518 354 1562 XXXI,
375 1516 433 1552 19.
458 1520 494 1552 et
516 1518 562 1552 ad
584 1517 660 1553 Cat.
680 1515 838 1557 XLVIII,
858 1514 916 1556 7.‚
942 1524 1156 1558 quamquam
1187 1514 1257 1549 sibi
1278 1526 1348 1550 non
1369 1520 1521 1558 constat,
1543 1529 1607 1552 ne-

219 1587 290 1619 que
321 1575 469 1621 singulis
499 1574 589 1609 locis
621 1575 788 1620 regulam
821 1583 844 1607 a
873 1584 913 1607 se
946 1571 1172 1606 constitutam
1193 1573 1370 1617 sequitur,
1402 1574 1606 1618 plerumque

218 1638 419 1668 aestumare
449 1633 620 1677 probans,
651 1636 690 1667 ut
711 1633 788 1669 Cat.
813 1630 839 1665 1.
863 1630 888 1664 l.
912 1632 947 1664 et
969 1641 999 1665 e.
1017 1629 1110 1672 XIV,
1127 1629 1163 1665 7.
1185 1630 1244 1673 Ll,
1264 1630 1322 1666 15.
1353 1631 1431 1677 lug.
1453 1632 1527 1674 CX,
1557 1632 1605 1681 5.,

216 1691 349 1736 quihus
372 1690 460 1725 locis
489 1691 718 1732 existumare,
741 1688 833 1734 qnod
857 1687 967 1722 etiam
989 1687 1109 1731 plures
1132 1688 1231 1723 codd.
1253 1691 1381 1733 tenent,
1405 1692 1606 1735 praeferen-

216 1750 305 1783 dum
327 1748 477 1783 videtur.
510 1747 567 1781 cf.
591 1748 670 1782 Cat.
691 1748 749 1788 LI,
769 1746 827 1780 43.
858 1746 936 1790 lug.
959 1745 1020 1787 Ill,
1045 1744 1080 1779 4.
1112 1748 1146 1780 et
1168 1750 1349 1790 praeteoea
1371 1748 1525 1785 Gronov.
1560 1749 1606 1784 ml

215 1805 296 1841 Liv.
312 1806 372 1848 lv,
389 1805 447 1847 41,
466 1804 501 1839 2.
526 1808 561 1839 et
583 1805 629 1839 ad
651 1805 811 1847 XXXIV,
831 1804 867 1847 2,
889 1803 923 1839 5.
956 1804 1145 1839 Ruhnken.
1179 1805 1224 1839 ad
1247 1805 1332 1840 Ter.
1355 1806 1486 1840 Hennt.
1509 1807 1603 1842 Prol-

217 1875 253 1900 ν.
279 1863 339 1900 25.
363 1866 399 1898 et
421 1864 467 1897 ad
489 1864 620 1898 Muret.
643 1864 689 1897 Τ.
708 1863 736 1898 1.
759 1874 796 1907 p.
816 1862 875 1896 43-

313 1922 492 1967 aliquanto
516 1921 685 1966 minores]
725 1920 750 1956 i.
773 1931 804 1954 e.
828 1921 922 1954 bona
943 1922 1046 1963 parte
1068 1919 1241 1961 minoren
1270 1930 1354 1953 nam
1385 1919 1604 1965 aliquantum

214 1992 289 2016 non
311 1984 365 2016 est
386 1981 566 2025 paullum,
590 1982 630 2013 ut
651 1978 767 2013 visum
790 1981 842 2013 est
863 1976 1151 2012 Drakenborchio
1176 1977 1221 2011 ad
1245 1976 1321 2012 niv.
1341 1977 1430 2019 XLI,
1450 1978 1520 2022 16„
1543 1979 1604 2013 sed
1659 2023 1663 2029 Ι

218 2039 309 2074 eatis
331 2039 490 2080 multum,
513 2037 708 2081 explicante
730 2025 892 2069 Ernestio
916 2034 961 2068 nd
985 2034 1079 2068 Suet.
1105 2035 1203 2069 Caes.
1228 2046 1258 2069 c.
1278 2035 1335 2070 86.
1359 2035 1407 2069 cf.
1430 2035 1603 2081 Heusing.

218 2098 265 2133 ad
289 2096 361 2132 Off.
379 2097 407 2138 1,
427 2096 463 2138 1,
482 2095 517 2130 2.
546 2098 581 2130 et
603 2095 646 2130 ad
670 2095 700 2137 1,
719 2093 779 2136 3⁰,
795 2092 853 2127 12.
901 2092 1038 2126 Tamen
1059 2103 1130 2126 non
1151 2092 1402 2137 negligendum
1425 2096 1488 2134 est,
1509 2094 1603 2137 qnod

218 2156 262 2190 F.
285 2155 328 2190 A.
353 2154 503 2189 Wolfius
534 2153 721 2197 prudenter
752 2150 888 2184 monuit
920 2150 967 2184 ad
999 2149 1095 2184 Suet.
1121 2150 1221 2184 Caes.
1245 2162 1274 2184 c.
1295 2150 1352 2184 10.
1385 2151 1604 2195 aliquantum

218 2224 283 2257 per
306 2224 344 2247 se
366 2223 441 2246 esse
463 2211 615 2246 incertae
638 2207 835 2253 potestatis„
858 2211 893 2242 et
914 2207 1062 2242 relative
1085 2208 1325 2243 tantummodo
1348 2209 1434 2243 satis
1457 2210 1603 2243 multum

217 2270 441 2316 significare,
474 2268 512 2303 id
546 2268 638 2312 quod
672 2265 853 2310 Zumptius
886 2276 1024 2310 quoque
1055 2265 1178 2302 Grnm.
1213 2267 1291 2301 Lat.
1327 2268 1359 2308 §.
1383 2264 1441 2307 74,
1472 2264 1537 2307 15,
1566 2266 1601 2300 1.

218 2340 255 2373 Ρ.
272 2329 353 2363 3ἵο.
379 2327 524 2362 sensisse
546 2325 697 2359 videtur.
744 2324 890 2357 Praeter
912 2321 1153 2357 necessitatem
1183 2323 1224 2360 A.
1248 2323 1431 2367 Schlegel2
1457 2322 1493 2355 in
1516 2323 1602 2356 See-

219 2386 318 2421 bodii
339 2385 432 2421 Bibl.
457 2384 543 2419 crit.
567 2394 600 2418 a.
625 2381 729 2416 1819.
754 2381 800 2415 Τ.
820 2382 863 2415 11.
886 2392 921 2425 Ρ.
940 2380 1021 2414 718.
1045 2381 1172 2424 probat
1195 2381 1430 2425 aliquantum,
1453 2380 1543 2424 qnod
1563 2380 1601 2414 in

219 2444 294 2478 solo
317 2444 398 2478 Bas.
419 2443 454 2477 2.
478 2441 610 2486 legitur
632 2445 667 2474 et
687 2438 866 2473 rarissime
887 2438 924 2472 in
947 2449 1014 2472 usu
1036 2441 1098 2472 est.
1155 2438 1207 2473 Ne
1229 2437 1306 2481 quis
1329 2441 1444 2472 tamen
1467 2437 1600 2472 dubitet

219 2500 362 2535 omnino
385 2500 437 2534 ita.
458 2499 528 2534 dici
551 2510 675 2544 posse,
698 2507 785 2531 neve
809 2507 890 2530 cnm
913 2495 1076 2540 Zumptio
1097 2495 1123 2529 1.
1146 2495 1172 2529 1.
1195 2496 1433 2540 aliquantum,
1458 2495 1518 2539 qni
1539 2506 1599 2529 ae-

219 2557 397 2592 cusativus
419 2560 495 2599 est,
529 2555 688 2591 adverbii
711 2556 784 2589 vim
807 2555 938 2588 habere
959 2556 1080 2601 putet,
1108 2554 1265 2588 conferat
1295 2563 1474 2587 censorem
1496 2551 1533 2585 in
1555 2553 1597 2585 A.

219 2616 262 2650 L.
287 2616 328 2650 Z.
353 2625 387 2650 a.
411 2613 516 2648 1826.
546 2614 612 2648 No.
637 2612 719 2648 259.
743 2624 776 2656 p.
797 2610 879 2646 414.
913 2612 995 2646 Car.
1018 2609 1185 2646 Beierum
1208 2611 1256 2647 nd
1278 2610 1350 2646 Cic.
1373 2610 1420 2645 «le
1440 2608 1511 2645 Off.
1533 2609 1596 2644 111.

218 2672 258 2719 9,
274 2671 333 2708 38.
358 2675 394 2708 et
414 2672 569 2716 Herzog.
594 2672 639 2706 ad
662 2671 761 2706 Caes.
785 2670 828 2704 B.
854 2669 899 2704 G.
921 2669 963 2711 V,
982 2667 1041 2704 10.
