1754 2964
238 136 347 214 292*
597 166 1285 213 G.SALLUSTIGR1SP1

242 300 336 345 que
371 285 592 347 parietes,
636 291 775 346 atque
816 265 1004 346 ineuper
1045 268 1228 332 camera
1267 283 1460 348 lapideis
1493 286 1637 334 forni-

242 379 369 425 cibus
416 378 590 435 vincta,
647 378 729 423 sed
775 378 1005 433 incultu„
1027 378 1248 438 tenebris,
1284 379 1454 424 ¹odore
1497 379 1639 426 foeda

201 476 381 529 5atque
435 469 646 522 terribilis
701 469 796 514 eius
853 467 992 514 iacies
1048 475 1125 516 est.
1211 470 1267 515 In
1324 486 1431 517 eum
1482 470 1639 518 locum

239 566 485 623 postquam
536 560 752 606 demissus
809 566 875 606 est
925 561 1171 618 Lentulus,
1235 538 1432 609 vindices
1485 578 1638 609 rerum

240 645 530 713 capitalium,
574 653 737 712 quibus
772 659 1074 714 praeceptum
1111 657 1229 710 erat,
1274 653 1442 714 laqueo
1477 654 1640 717 gulam

193 753 223 795 6
238 745 434 806 fregere.
505 744 575 789 Ita
607 744 685 789 ille
717 735 932 804 patricius
967 759 1024 789 ex
1058 745 1315 790 clarissuma
1346 751 1486 808 gente
1517 746 1637 792 Cor-

234 836 485 895 neliorum,
520 836 600 895 qui
635 835 887 882 consulare
910 836 1152 896 imperium
1186 837 1376 906 Romae,
1399 837 1635 896 habuerat,

235 957 314 993 Lat.
341 959 377 1001 §-
400 956 481 992 148.
508 958 545 993 1.
568 959 604 994 b.
629 971 665 1004 p.
690 959 773 996 28⁰.
815 959 891 994 vim
922 958 1120 995 accusativi
1154 971 1237 995 cum
1267 960 1305 996 in
1334 971 1494 1006 praepos.
1522 959 1635 995 iuncti

233 1016 390 1058 habere,
413 1016 451 1050 in
474 1028 544 1061 qua
567 1017 739 1052 sententia
760 1017 834 1053 iam
857 1017 956 1062 prius
978 1018 1122 1053 fuerunt
1146 1019 1232 1054 Ger.
1255 1019 1284 1054 1.
1309 1020 1408 1055 Voss.
1432 1020 1475 1054 de
1498 1019 1633 1053 constr.

234 1086 264 1108 c.
289 1072 408 1118 25.-p.
435 1074 517 1110 416.
553 1075 792 1110 Ruddimann.
822 1076 949 1110 Institt.
976 1076 1136 1111 Gramm.
1172 1077 1280 1112 Tem.
1305 1078 1350 1113 11.
1382 1089 1419 1122 Γ.
1443 1076 1526 1112 272.
1566 1075 1631 1109 Ed.
1692 1103 1695 1106 ,

234 1131 386 1174 stalla,
413 1131 488 1168 alii.
535 1131 630 1175 Quin
652 1130 771 1177 potius
791 1134 974 1178 propriam
996 1134 1162 1169 vocabuli
1183 1134 1259 1171 vim
1283 1138 1444 1170 constare
1467 1132 1630 1175 arbitror,

233 1188 421 1224 insolentia
443 1189 582 1225 dicendi
610 1190 649 1225 in
673 1203 715 1226 eo
746 1195 927 1234 versante,
961 1193 1056 1237 quod
1077 1193 1188 1227 ve'rba
1219 1196 1350 1236 motus,
1379 1192 1473 1226 unde
1502 1190 1632 1226 vocula

231 1247 378 1291 pendet,
408 1257 480 1293 uon
503 1248 586 1283 dum
599 1251 718 1294 fiunt,
749 1249 811 1284 sed
833 1252 873 1284 ut
894 1248 969 1284 iam
993 1251 1119 1295 effecta
1142 1250 1362 1296 cogitantur,
1393 1248 1522 1285 mentis
1543 1258 1631 1292 qua-

232 1304 317 1339 dam
340 1304 520 1340 celeritate
551 1306 589 1340 id
622 1307 718 1351 quod
747 1318 959 1351 consequens
989 1311 1042 1343 est
1062 1308 1313 1353 antecapieute.
1369 1306 1486 1342 Veluti
1520 1317 1631 1350 quum

229 1362 358 1408 virgil.
382 1362 470 1397 Aen.
489 1363 531 1406 V,
547 1362 628 1398 481.
654 1364 758 1400 dicit2
787 1365 980 1409 procumbit
1001 1366 1100 1400 humi
1133 1366 1204 1409 bos,
1238 1366 1375 1400 animus
1409 1375 1479 1400 non
1500 1363 1631 1398 immo-

231 1423 335 1456 ratur
355 1421 614 1465 procumbendi
638 1423 790 1466 actioni,
815 1423 876 1457 sed
899 1426 1064 1468 properat
1093 1424 1138 1459 ad
1161 1423 1236 1459 eius
1265 1424 1434 1458 effectum
1457 1421 1629 1456 intuitur—

228 1489 299 1523 que
334 1478 467 1513 bovem
501 1477 576 1514 iam
618 1480 721 1515 humi
753 1480 939 1516 iacentem.
995 1482 1092 1516 Cart.
1118 1481 1210 1524 vm,
1235 1481 1333 1523 4,”6.
1361 1483 1628 1526 prostraverant

228 1537 328 1573 humi
351 1548 509 1582 corpora,
532 1536 597 1572 ubi
617 1537 816 1584 cogitatur,
837 1539 923 1584 quid
945 1538 1195 1584 prosternendo
1222 1538 1388 1573 effectum
1409 1537 1628 1582 sit‚.nempe

227 1599 271 1631 ut
293 1596 391 1631 humi
415 1600 529 1642 essent
551 1607 715 1640 corpora.
762 1598 817 1632 Ita
839 1600 958 1632 nostro
983 1597 1063 1631 loco
1087 1596 1185 1630 humi
1213 1596 1393 1641 depressus
1424 1598 1559 1641 spectat
1580 1594 1627 1630 ad

225 1653 298 1689 loci
319 1657 487 1688 naturam
517 1653 745 1698 deprimendo
767 1657 895 1690 ortam.
941 1653 1122 1689 Interdum
1153 1664 1198 1688 ea
1227 1654 1320 1689 ratio
1351 1654 1461 1690 etiam
1489 1653 1627 1688 adiecto

224 1712 335 1746 verbo
356 1711 558 1753 adiuvatur,
581 1722 617 1745 v.
642 1723 675 1746 c.
698 1708 800 1758 Virg.
819 1713 905 1748 Aen.
924 1713 988 1754 XI,
1006 1711 1090 1749 640.
1125 1714 1341 1749 volvitur
1370 1713 1431 1747 ille
1466 1722 1626 1749 excussus

223 1769 359 1804 humi.
407 1769 524 1804 Tacit.
547 1769 703 1804 Historr.
722 1770 768 1812 II,
786 1769 846 1814 64,
870 1770 920 1804 in.
950 1770 1143 1815 proiectum
1166 1771 1289 1806 humi
1310 1770 1560 1817 iugulavit.
1578 1787 1625 1795 —

224 1827 377 1864 camera
409 1827 502 1871 quod
533 1827 634 1861 codd.
669 1830 812 1862 tuentur
841 1839 984 1869 omnes,
1015 1828 1155 1870 multis,
1189 1829 1299 1864 etiam
1332 1827 1539 1863 Heindorfio
1578 1826 1624 1861 ad

222 1885 315 1919 Hor.
349 1884 426 1920 Sat.
440 1884 491 1926 ΙΙ,
507 1883 543 1925 3,
565 1883 672 1927 273.,
702 1888 893 1929 praecunte
926 1884 1052 1919 Verrio
1083 1886 1216 1921 Flacco
1246 1898 1304 1931 ap.
1329 1885 1467 1922 charia.
1499 1897 1535 1930 p.
1562 1886 1621 1921 43.

223 1953 370 1978 camara
401 1940 626 1976 scribendum
656 1941 818 1984 videtur,
849 1952 962 1986 quum
995 1932 1125 1987 graece
1167 1943 1321 1989 καμάρα
1352 1943 1421 1985 sit3
1453 1944 1515 1979 sed
1543 1944 1624 1978 vul-

220 2010 347 2045 gai-em
388 1999 543 2034 formam
579 2001 676 2034 recte
721 1999 879 2035 defendit
907 2000 1011 2036 Conr.
1044 2000 1151 2044 Leop.
1183 2001 1420 2036 Schneiderus
1461 2001 1621 2045 Gramm.

219 2057 298 2094 Lat.
322 2058 349 2100 1,
366 2057 400 2094 1.
423 2068 459 2102 p.
477 2056 512 2091 9.
530 2075 578 2084 —-
619 2057 691 2092 Pro
720 2058 840 2093 vineta
870 2057 976 2092 multi
1007 2056 1108 2091 codd.
1140 2057 1276 2095 solenni
1307 2059 1385 2093 fere
1416 2059 1621 2095 confusione

220 2116 360 2157 iuncta,
384 2115 431 2150 ad
452 2114 642 2150 sententiae
663 2114 739 2150 vim
761 2116 875 2150 multo
897 2114 1061 2149 deterius.

313 2172 392 2218 §.5.
418 2173 587 2208 demissus
611 2173 684 2217 est]
711 2173 775 2207 Est
797 2172 836 2207 in
857 2177 1020 2218 quattuor
1036 2171 1147 2208 Cortii
1167 2171 1268 2206 libris
1289 2173 1400 2216 abest,
1418 2173 1480 2208 sed
1502 2184 1623 2210 omnes

219 2227 324 2267 Bass.
347 2232 479 2267 Bernn.
498 2231 606 2265 Turr.
631 2234 667 2266 et
689 2230 810 2265 Leidd.
836 2233 1044 2277 agnoscunt.
1063 2250 1110 2258 --
1149 2230 1308 2265 Vindices
1337 2233 1623 2277 rerum.eupita-
1692 2262 1696 2264 a
1752 2219 1754 2254 Ῐ

220 2290 319 2324 lium.
391 2290 494 2325 Haec
533 2288 644 2323 verba
679 2288 819 2323 eortius
860 2290 911 2325 ita
940 2290 977 2324 in
1018 2288 1253 2333 suspicionem
1286 2288 1461 2331 adduxit,—
1497 2300 1623 2333 quam-

219 2358 329 2390 quam
369 2357 438 2381 nou
478 2347 572 2389 alia,
622 2345 691 2381 nisi
729 2346 801 2380 hac
839 2347 959 2392 inepta
1010 2347 1147 2383 ratione
1198 2357 1306 2390 usus,
1360 2345 1528 2385 brevitati
1544 2351 1551 2358 ⁴
1576 2355 1619 2380 ea
1651 2368 1655 2381 .=

219 2403 460 2440 Sallustianae
502 2413 721 2449 repugnare,
753 2407 794 2438 ut
823 2404 983 2450 plerique
1015 2415 1096 2440 eum
1119 2403 1230 2439 secuti
1259 2406 1300 2438 ut
1329 2403 1452 2448 spuria
1477 2401 1613 2437 omitto-

218 2464 319 2504 rent,
360 2461 455 2506 quod
489 2472 677 2506 perperam
723 2460 870 2495 factum.
928 2462 1182 2506 Praeterquam
1215 2459 1309 2494 enim
1351 2459 1443 2505 quod
1477 2461 1612 2492 seuteu—
1671 2475 1678 2491 ι

220 2517 273 2552 tia
305 2517 402 2553 nihil
431 2519 561 2560 hahet,
594 2518 691 2563 quod
723 2517 902 2552 offendere
931 2518 1062 2562 possit,
1076 2530 1143 2568 ,ex
1174 2518 1250 2562 ipsa
1287 2516 1447 2552 codicum
1478 2513 1609 2548 dIscrc·

217 2574 340 2620 pantia
374 2575 470 2610 clare
503 2575 733 2622 intelligitur,
760 2576 870 2611 verba
900 2575 1055 2620 genuina
1087 2586 1172 2611 esse.
1230 2575 1301 2610 Pro
1333 2571 1485 2606 vindices
1515 2571 1610 2605 enim

217 2633 321 2668 multi
355 2633 522 2669 exhibent
557 2634 690 2668 indices
722 2636 786 2669 aut
813 2633 964 2676 iudices,
1002 2633 1202 2673 incertum,
1233 2631 1398 2674 lapfflnfl,
1436 2637 1483 2661 8¹²
1524 2627 1609 2671 ‘1⁰5⁸-

218 2690 372 2728 vindices
412 2701 483 2726 nou
520 2691 607 2728 satis
646 2694 768 2737 aptum
804 2694 985 2737 putarent3
1025 2691 1088 2727 alii
1123 2701 1190 2736 per
1220 2686 1372 2730 indices,
1413 2696 1502 2720 unus
1541 2696 1608 2730 per
