1754 2964
254 166 322 200 xvi
664 160 1230 212 «PRAEFATIO.

252 269 390 337 quam
425 277 472 324 in
508 294 664 324 eorum
687 281 899 340 gratiam,
935 285 1098 342 quibus
1130 301 1214 330 nos
1248 285 1476 349 scripsisse
1499 288 1654 337 osten·

253 358 423 414 (limus,
471 359 673 404 Sallustii
717 362 883 407 edendi
927 365 1163 426 negotium
1212 369 1433 431 suscepit,
1475 370 1559 416 sed
1604 371 1655 417 id

252 439 447 483 maxime
481 441 603 500 egit,
648 447 698 485 ut
733 443 936 512 criticam
979 451 1161 506 pararet
1195 446 1466 509 editionem,
1506 452 1654 513 magis

252 519 451 564 virorum
486 520 730 566 doctorum
776 524 929 569 usibus
972 526 1262 584 destinatam,
1305 543 1444 588 quam
1490 532 1654 577 adole-

248 601 468 646 scentium
521 603 918 649 accommodatam
961 607 1234 666 rationibus,
1278 610 1410 656 cuius
1452 613 1521 656 rei
1556 607 1652 657 tum

249 681 349 743 ipsa
383 682 488 727 libri
520 682 722 742 indoles,
765 690 863 729 tum
904 691 1086 731 externa
1130 688 1282 734 forma
1325 690 1432 736 satis
1475 698 1653 738 certum

248 763 576 809 documentum
609 769 688 809 est.
757 765 1023 827 Herzogius
1068 783 1179 814 vero
1214 785 1494 830 quamquam
1526 771 1653 818 idem

247 845 346 890 fere
380 851 518 904 atque
559 861 654 907 ego
691 846 927 892 consilium
959 851 1248 908 propositum
1283 851 1469 910 habuit,
1498 858 1653 899 tamen
1702 862 1705 865 ’

246 926 293 970 in
329 941 386 970 eo
428 927 746 986 persequendo
780 927 940 987 paullo
983 928 1117 975 aliter
1147 938 1345 979 versatus
1381 939 1461 978 est.
1529 934 1651 980 Nam

246 1024 391 1068 quum
445 1009 705 1068 saepissime
761 1008 846 1053 soli
890 1024 963 1054 res
1014 1010 1146 1056 utiles
1203 1013 1451 1058 annotandi
1500 1013 1652 1060 studio

244 1090 529 1151 indulgeret,
565 1089 626 1134 ad
668 1091 1042 1150 cognoscendum
1081 1091 1268 1151 quidem
1301 1094 1405 1139 satis
1438 1094 1651 1141 fructuo-

244 1187 339 1227 sas,
393 1171 475 1215 sed
518 1185 653 1229 quae,
682 1181 870 1231 parum‘
902 1171 963 1215 ad
1009 1171 1268 1218 Sallustium
1326 1175 1647 1236 explicandum

242 1253 548 1313 pertinerent,
583 1251 709 1296 nulla
742 1252 918 1311 quippe
965 1254 1209 1300 verborum
1254 1255 1530 1302 difficultate
1574 1257 1647 1302 in-

241 1333 454 1393 terpretis
486 1347 648 1378 munus
680 1333 966 1394 postulante,
1014 1339 1061 1380 et
1100 1335 1230 1381 nimis
1273 1337 1417 1381 multa
1459 1335 1646 1397 dedisse

242 1413 445 1470 videtur,
483 1419 549 1470 et,
585 1429 726 1473 quum
766 1413 829 1458 ita
867 1415 1114 1474 quaesitae*
1143 1416 1361 1462 ubertatis
1405 1429 1507 1463 non·
1542 1418 1646 1463 satis

241 1495 358 1542 certi
397 1494 511 1540 fines
554 1510 649 1540 esse
689 1496 889 1556 possint,
932 1495 1078 1542 multa
1118 1512 1268 1547 rursus
1310 1512 1432 1556 quae
1473 1498 1643 1544 eodem

239 1575 340 1621 iure
371 1575 585 1620 illustrari
617 1580 855 1635 poterant,
899 1576 1066 1622 omisit.
1103 1595 1105 1597 ·
1133 1578 1220 1623 His
1263 1593 1402 1638 quam
1446 1577 1644 1623 maxime

240 1656 342 1702 fieri
374 1662 558 1718 poterat
590 1656 735 1702 vitatis
767 1661 968 1702 nostram
1003 1657 1251 1704 editionem
1281 1657 1482 1704 mediam
1515 1656 1642 1718 quasi

238 1739 364 1784 viam
416 1738 533 1783 inter
585 1736 941 1783 Gerlachianam
999 1744 1046 1783 et
1096 1739 1440 1800 Herzogianam
1487 1744 1643 1784 tenere

241 1820 540 1876 arbitramur,
585 1819 648 1864 ita
684 1825 756 1875 ut,
790 1820 896 1865 licet
928 1819 1202 1865 multifariae
1237 1819 1471 1866 doetrinae
1503 1816 1665 1863 laude⁴

240 1901 503 1960 neutiquam
539 1915 644 1947 cum
689 1899 778 1944 illis
812 1905 987 1945 certare
1021 1901 1186 1960 possit,
1232 1905 1384 1944 tamen
1419 1900 1485 1945 sic
1520 1913 1642 1957 quo-

240 1997 333 2041 que
366 1998 492 2028 suam
525 1982 762 2027 utilitatem
798 1994 893 2026 esse
926 1979 1184 2025 habituram
1207 1992 1455 2039 speremu8‚
1489 1993 1640 2038 neque

239 2063 380 2123 plane
414 2063 649 2124 indignam
681 2062 826 2107 visum
864 2061 919 2105 iri
954 2061 1109 2121 aequis
1143 2059 1384 2117 iudicibus,
1417 2073 1512 2120 qua
1533 2058 1641 2104 Sal-

238 2143 360 2189 lustii
394 2144 583 2190 studiosi
618 2143 753 2188 simul
787 2157 892 2189 cum
925 2141 1015 2186 illis
1050 2146 1243 2187 utantur.

378 2226 537 2271 Altero
584 2224 815 2269 volumine
857 2222 1039 2284 praeter
1079 2218 1380 2283 Iugurtham
1423 2216 1641 2278 *comple-

238 2310 415 2352 ctemur
455 2305 762 2367 Fragmenta
795 2304 970 2359 omnia,
1012 2303 1062 2348 id
1095 2309 1278 2364 gratum
1317 2297 1638 2354 forestisrati,

238 2386 318 2445 qui
354 2386 626 2432 orationibus
659 2400 798 2446 aegre
834 2385 1052 2430 carebunt
1087 2398 1143 2428 ex
1158 2380 1486 2428 Historiarum
1512 2377 1637 2422 libris

238 2469 423 2512 servatis
442 2501 456 2525 ,
508 2483 701 2526 quarum
753 2466 973 2510 summam
1027 2462 1302 2524 elegantiam
1362 2458 1637 2516 dicendique

238 2549 507 2610 gravitatem
543 2564 642 2595 esse
675 2549 788 2592 inter
823 2559 978 2590 omnes
1013 2547 1200 2594 constat.
1269 2539 1434 2598 Neque
1454 2535 1633 2583 'minora

236 2630 495 2691 fragmenta
549 2630 756 2674 omittere
798 2625 997 2686 placuit,
1040 2630 1139 2669 tum
1182 2637 1240 2666 ne
1283 2619 1395 2679 quid
1436 2618 1631 2681 deesset,

236 2713 364 2773 quod
407 2713 467 2758 ab
514 2710 678 2757 eximio
730 2707 950 2768 scriptore
1001 2709 1118 2751 esset
1167 2701 1453 2763 profectum,
1506 2698 1632 2745 cuius
