1754 2964
216 177 286 206 ην
639 166 1199 212 PRAEFATIO.

214 281 414 347 editione
448 283 716 331 adornanda
761 285 916 330 initam
961 287 1265 335 indicandam.
1347 286 1446 336 Sed
1490 297 1621 337 ermit

213 365 401 410 fortasse
437 367 529 426 *qui
573 366 751 422 dicant,
810 383 1090 427 quamquam
1134 370 1397 428 neutiquam
1440 372 1620 432 impro-

210 446 321 490 bent
363 462 482 505 quae
526 438 620 492 hac
664 455 816 492 nostra
864 464 1007 508 opera
1052 457 1285 509 praestare
1331 452 1619 509 voluerimus,

209 532 349 585 atque
397 529 534 573 etiam
581 528 838 574 concedant
880 544 1045 590 parum
1090 531 1481 578 commendabiles
1523 548 1620 579 esse

209 622 333 666 quae
380 623 436 652 ex
490 609 637 669 longo
683 615 894 669 tempore
949 611 1326 657 circumferantur
1381 612 1619 669 editiones,

207 693 363 732 tamen
398 703 518 735 nunc
559 689 748 748 quidem
791 704 938 733 seram
972 691 1127 736 venire
1167 698 1366 737 nostram
1399 694 1619 754 opellam,

209 783 354 828 quum
387 770 791 828 praestantissimae
827 770 1067 815 Gerlachii
1111 775 1158 816 et
1191 771 1415 834 Herzogii
1449 774 1621 820 editio-

208 865 290 894 nes
332 849 611 908 prodierint,
657 849 820 908 quibus
869 850 1072 895 omnium
1127 851 1313 896 satisfiat
1369 853 1618 911 desideriis,

209 930 273 973 ita
307 935 359 972 ut
393 944 490 974 rem
524 928 729 975 inutilem
775 936 821 974 et
857 933 1239 990 supervacaneam
1285 933 1513 994 suscipere
1545 933 1620 980 vi—

210 1010 399 1064 deatur,
446 1011 525 1068 qui
559 1016 668 1070 post
701 1008 870 1056 horum
911 1012 1111 1057 virorum
1152 1011 1300 1056 studia
1345 1014 1519 1073 aliquid
1555 1014 1631 1061 ad

208 1090 477 1135 Sallustium
511 1091 586 1135 vel
621 1091 958 1136 emendandum
993 1092 1067 1136 vel
1095 1091 1618 1141 illustrandumssafferro

206 1186 346 1232 posse
381 1178 543 1231 speret.
614 1171 748 1227 Quae
781 1171 819 1216 si
852 1172 916 1216 ita
951 1171 1075 1218 dicta
1108 1177 1236 1228 sunt,
1282 1177 1334 1216 ut
1376 1156 1481 1218 istas
1512 1174 1617 1219 vedi--

203 1251 352 1298 tiones
410 1252 621 1298 omnibus
671 1267 791 1311 quae
848 1248 944 1298 huc
999 1267 1142 1312 usque
1191 1256 1374 1298 curatae
1425 1254 1513 1299 sint
1569 1259 1616 1299 et

206 1334 416 1379 doctrina
463 1339 516 1379 et
550 1334 667 1377 iusta
710 1332 1037 1394 interpretandi
1078 1334 1257 1379 ratione
1297 1347 1392 1379 esse
1419 1331 1622 1397 'praese-

204 1414 370 1461 rendas
405 1412 689 1469 ostendatur,
723 1427 860 1458 nemo
896 1428 994 1460 esse
1026 1420 1204 1475 potest,
1239 1414 1320 1474 qui
1353 1429 1430 1460 me
1462 1415 1615 1461 liben-
1698 1463 1700 1465 ,

203 1497 292 1542 tius
338 1500 584 1556 agnoscat,
631 1499 800 1553 quanta
842 1509 998 1540 earum
1041 1502 1147 1542 cum
1191 1495 1420 1556 prioribus
1462 1496 1614 1542 colla—

203 1583 355 1622 tarum
389 1575 664 1638 praestantia
697 1575 775 1631 sit,
817 1581 1130 1635 quantumque
1171 1575 1423 1621 Sallustius*
1442 1574 1611 1622 horu‘m

204 1658 407 1704 virorum
442 1658 598 1703 studiis
631 1657 812 1704 debeat.
892 1657 967 1702 Eo
1000 1661 1165 1701 tamen
1190 1670 1289 1701 rem
1331 1655 1428 1701 iam
1458 1650 1613 1702 adda—³

207 1744 328 1785 ctam
364 1754 487 1796 esse,
533 1745 586 1785 ut
616 1739 693 1785 vel
737 1737 864 1783 milla
899 1723 1094 1797 amplius
1138 1736 1200 1782 de
1241 1735 1459 1782 Sallustio
1491 1726 1610 1782 be'n‘e

205 1820 414 1866 merendi
449 1821 587 1881 copia
624 1819 787 1865 relicta
828 1817 910 1874 sit,
954 1817 1030 1862 vel
1057 1813 1301 1874 omnium,
1346 1818 1609 1876 quicunque

206 1916 265 1946 eo
308 1901 513 1962 legendo
557 1906 816 1956 teneantur,
874 1897 1129 1944 rationibus
1164 1897 1266 1943 satis
1309 1891 1609 1958 prospectum

204 1981 288 2040 sit,
331 1998 390 2028 ne
422 1982 491 2027 illi
523 1982 609 2042 ipsi
643 1981 832 2040 quidem
864 1978 949 2025 viri
986 1976 1244 2025 concedere
1275 1977 1454 2034 volent,
1476 1974 1477 1977 ’
1497 1978 1608 2037 quiri

202 2065 357 2126 potius
402 2063 666 2125 probabunt
699 2076 849 2121 neque
884 2074 1026 2121 aegre
1058 2051 1231 2115 ferent,
1265 2057 1303 2103 sl
1334 2058 1438 2116 quis
1460 2050 1608 2124 'etiams

200 2151 310 2206 post
361 2159 521 2190 eorum
574 2158 765 2204 operam
811 2141 873 2187 de
927 2140 1121 2202 egregio
1179 2139 1400 2200 scriptore
1432 2138 1608 2184 ¹mereri

200 2240 337 2286 posse
391 2231 557 2285 speret.
656 2225 837 2270 Tamen
898 2222 1091 2267 fortasse
1142 2232 1200 2266 ne
1260 2219 1357 2267 hac
1399 2218 1605 2280 quidem

201 2306 482 2367 cogitatione
527 2305 751 2365 impulsus
795 2319 911 2364 opus
957 2315 1201 2364 aggressus
1238 2315 1406 2356 essem,
1429 2299 1494 2355 *si*
1510 2298 1605 2343 iam

203 2401 262 2432 eo
292 2392 539 2446 tempore,
594 2399 690 2444 quo
736 2385 906 2429 animus
950 2383 1011 2428 ad
1055 2382 1319 2427 Sallustium
1372 2378 1605 2424 edendum

200 2467 455 2522 ferebatur,
499 2465 606 2511 illae
649 2465 888 2510 Gerlachii
935 2469 981 2509 et
1023 2462 1250 2521 Herzogii
1295 2458 1531 2508 editiones.
1557 2459 1606 2504 in

201 2548 442 2608 publicum
476 2546 661 2591 fuissent
695 2545 880 2590 emissae
921 2543 1155 2604 planeque
1189 2539 1435 2586 absolutae.
1504 2537 1605 2585 Sec}

202 2642 347 2687 quum
397 2627 554 2686 quales
601 2624 838 2672 Gerlachii
889 2622 1202 2670 commentarii
1249 2621 1401 2666 forent
1444 2618 1602 2664 adhuc

202 2709 424 2763 incertum
457 2711 596 2764 esset,
631 2706 917 2767 Herzogium
951 2709 1103 2751 autem
1138 2701 1331 2748 eandem
1364 2707 1466 2746 rem*
1495 2713 1604 2765 mo·-
